2594 4012
47 318 51 330 Ι
144 224 187 290 42
585 243 707 292 enirn
976 243 1031 307 [111.
1042 248 1065 295 4.
1077 248 1146 322 eene

143 420 207 470 W.
237 412 285 471 Tu
313 411 396 471 enim
424 414 574 490 repertu’s
602 413 813 474 Philocratem
839 415 893 492 qui
918 413 1046 493 superes
1071 417 1147 475 ueri-

224 509 338 568 uerhio.

145 614 210 663 AR.
240 606 307 679 Pol,
323 625 379 683 ego
393 612 429 665 ut
444 625 508 664 rem
523 607 623 681 uideo,
639 612 676 666 tu
689 608 856 682 inuentu's,
872 609 946 668 uera
960 608 1146 670 uanitrldine

145 702 205 773 Qui
224 703 397 762 conuinces.
441 703 495 762 sed
512 722 626 779 quaeso
645 704 748 763 hercle
765 705 897 781 agedum
913 706 1017 783 aspice
1033 708 1074 766 ad
1088 727 1144 766 me.

224 808 287 858 w.
318 800 583 881 (siurinquthim)
613 802 680 860 Em.
710 796 796 860 'AR
828 802 887 861 Dic
901 804 1002 877 modo,
1104 817 1147 862 570

145 898 189 956 Τό
204 916 298 971 negas
313 897 542 977 tu'lyndarum
557 900 653 958 esse?
694 906 757 956 Π.
787 899 877 975 Ne‘go
892 899 1028 976 inquam.
1079 910 1144 959 AR.

225 996 295 1053 Tun
309 1000 340 1053 te
354 993 565 1053 Philocratem

144 1074 307 1151 Esseais?
348 1099 412 1150 W.
436 1092 497 1150 Aio
509 1093 583 1166 Ego,
595 1090 732 1168 inquam.
778 1101 844 1152 AR.
870 1092 1035 1175 (toHerJio)
1059 1095 1146 1153 Tune

225 1187 298 1246 huic
312 1188 438 1248 credis?
479 1197 542 1246 HE.
572 1188 650 1248 Plus
664 1189 790 1266 quidem
807 1191 899 1266 quam
914 1189 983 1249 tibi.

144 1285 226 1344 Nam
252 1284 306 1343 ssle
332 1285 468 1362 quidem,
490 1303 581 1362 quem
606 1291 641 1344 tu
666 1287 733 1346 esse
758 1286 841 1346 hunc
866 1304 1029 1361 memoras,
1053 1287 1146 1347 hodie

225 1382 298 1441 nne
313 1382 391 1442 auru
405 1366 536 1442 nuum

111 1475 115 1481 ’
144 1461 201 1538 hd
221 1483 341 1555 patrem
362 1479 464 1538 huius.
512 1488 579 1538 AR.
608 1477 705 1549 Quem
724 1485 856 1557 patrem,
871 1480 926 1559 qui
945 1481 1052 1541 seruos
1072 1482 1145 1541 est?

224 1583 287 1634 ΤΥ.
317 1576 359 1634 Et
373 1573 408 1634 tir
423 1575 549 1652 quidem

146 1672 257 1732 Se‘ruos
272 1690 314 1746 es,
330 1672 409 1731 liber
423 1673 523 1748 fuisti,
539 1678 571 1732 et
585 1673 641 1748 ego
656 1691 705 1731 me
719 1673 841 1733 confido
856 1674 932 1748 fore,
1103 1687 1147 1732 575

146 1769 257 1847 (lmine
278 1778 306 1827 to
327 1771 393 1828 hini
413 1778 445 1828 ot
466 1771 513 1828 tlte
535 1772 598 1828 reni
617 1779 691 1829 stote
712 1773 750 1845 of
768 1773 889 1851 affairs)
914 1770 947 1830 Si
968 1768 1063 1831 huius
1084 1770 1146 1830 huo

225 1866 442 1926 reconciliasso
457 1866 490 1924 in
504 1866 681 1926 libertatem
695 1866 810 1925 filiurn.

144 1972 210 2021 AR.
241 1962 321 2033 Quid
347 1963 402 2038 ais,
428 1963 586 2023 furcifer?
615 1974 673 2023 tun
694 1970 725 2022 te
751 1983 812 2023 esse
833 1964 962 2039 gnatum
990 1982 1145 2024 memoras

225 2059 381 2120 liberum?

144 2167 207 2216 TY.
237 2157 309 2216 Non
321 2157 463 2234 equidem
481 2177 530 2217 me
544 2157 701 2231 Liberum,
715 2157 768 2217 sed
783 2156 994 2217 Philocratem
1005 2175 1074 2219 esse
1085 2159 1144 2219 aio.

225 2264 291 2312 AR.
321 2255 402 2324 Quid
417 2256 491 2314 est?

145 2337 188 2411 Vt
203 2351 360 2424 scelestus,
376 2351 489 2426 Hegio,
506 2369 587 2410 nunc
602 2349 661 2410 iste
676 2361 703 2411 te
718 2350 808 2410 ludos
823 2349 909 2410 facit.

144 2448 227 2506 Nam
252 2448 279 2507 is
305 2453 353 2507 est
378 2466 484 2507 seruos
509 2447 576 2525 ipse
604 2466 704 2524 neque
732 2447 856 2524 praeter
884 2466 917 2507 se
946 2467 1092 2524 umquam
1116 2448 1146 2506 ei

226 2545 331 2604 seruos
349 2544 420 2603 fuit.
1102 2558 1147 2603 580

145 2651 207 2700 ΤΥ.
234 2640 313 2711 Quia
321 2647 388 2699 tute
398 2641 465 2718 ipse
475 2641 547 2718 eges
557 2641 590 2698 in
600 2641 703 2718 patrie
715 2641 771 2700 ne‘c
782 2640 841 2700 tibi
853 2641 907 2719 qui
918 2641 1008 2700 uiuas
1020 2640 1145 2716 domist,

183 2829 233 2873 568.
255 2825 338 2874 enim:
356 2841 371 2873 a
384 2828 490 2884 particle
504 2828 531 2873 of
543 2826 707 2882 affirmarim,
720 2829 780 2875 used
794 2829 854 2876 here
867 2827 1008 2887 ironically,
1021 2827 1145 2885 really.-

144 2893 312 2942 ueriuerbio:
326 2897 447 2952 veracite.
478 2897 528 2941 569.
541 2905 620 2942 uera:
634 2895 895 2944 acc-uanitudlne:
911 2897 991 2954 lesina.
1021 2897 1071 2942 570.
1086 2906 1146 2955 ege-

145 2961 221 3008 dum:
241 2976 273 3008 an
288 2964 450 3022 interjectiou
466 2963 533 3008 from
549 2965 592 3010 the
608 2964 696 3021 impu,
712 2978 780 3010 corne
797 2979 859 3012 ηοω.
890 2965 943 3011 The
959 2964 1060 3011 enclitic
1073 2965 1147 3010 -dum

145 3031 208 3076 adds
221 3044 333 3090 urgency
344 3036 370 3076 to
384 3033 427 3077 the
440 3032 517 3089 impu.
557 3033 608 3078 573.
626 3030 743 3078 Alidem:
761 3034 786 3078 in
801 3035 845 3079 the
859 3047 911 3079 acc.
923 3034 1031 3078 without
1045 3044 1061 3077 a
1074 3045 1145 3090 prep.

144 3099 282 3156 onlyhere.
317 3101 368 3145 574,
384 3097 476 3145 huius:
494 3099 762 3157 Tyndarus-Quem
773 3103 891 3157 petrem:
908 3101 1023 3156 socium·
1039 3100 1065 3144 in
1074 3101 1147 3146 these

145 3167 217 3212 short
227 3168 357 3224 questions
369 3168 412 3214 the
422 3180 480 3213 case
491 3168 637 3226 previously
648 3170 709 3215 used
721 3170 743 3214 is
754 3168 877 3214 retained.
908 3167 1050 3225 According
1062 3171 1089 3212 to
1103 3167 1147 3214 the

145 3235 243 3281 Roman
254 3235 304 3281 law
315 3249 330 3281 a
343 3236 413 3282 slave
426 3236 476 3281 had
490 3249 523 3280 no
536 3235 602 3294 legal
616 3236 709 3283 father.
748 3239 798 3282 576.
818 3233 1020 3281 reconciliasso:
1038 3235 1148 3281 reconci-

146 3303 253 3349 liuttere.
280 3304 331 3349 578.
343 3301 479 3350 Liberum:
494 3305 538 3350 the
546 3304 595 3362 god
604 3305 686 3351 Liber.
711 3303 1025 3362 Tyndarusisquibhliug.
1053 3303 1147 3348 olm

145 3371 223 3419 ludos
234 3370 314 3418 lacit:
332 3373 355 3416 is
365 3371 473 3428 uictine
483 3377 553 3428 speri
563 3371 594 3429 of
604 3385 662 3431 you.
703 3374 754 3419 581.
773 3369 837 3417 tibi:
854 3371 908 3417 dat.
920 3371 947 3416 ol
958 3370 1143 3428 possession-
1173 3401 1175 3405 ,

145 3438 204 3499 qui:
221 3441 282 3486 with
293 3439 391 3496 whom
409 3451 450 3485 see
460 3452 493 3484 on
503 3440 540 3486 28.
