2594 4012
147 214 189 279 68
588 229 710 278 rnnvn
996 229 1156 293 [vacien

147 379 190 455 Et
205 396 237 455 id
252 403 284 456 et
298 397 385 456 aliud
400 397 483 474 quod
497 416 547 456 me
561 397 664 458 orabis
679 396 871 475 impetrabis.
914 399 1010 476 atque
1024 405 1058 459 te

147 493 254 552 Nolim
270 494 458 567 suscensere,
474 494 558 571 quod
573 513 629 571 ego
644 494 743 554 iratus
758 495 787 553 ei
802 493 866 555 feci
879 494 969 554 male.

146 598 209 647 ΡΗ.
239 589 321 659 Quid
336 590 467 649 fecisti?
517 599 581 648 ΗΕ.
613 591 652 648 In
666 590 853 668 lapicidinas
867 591 1071 669 conpeditum
1086 595 1157 652 con-

227 686 317 759 didi‘
1112 704 1157 749 944

146 769 208 842 tsi
223 781 425 842 resolutum
441 783 516 842 rata
529 801 597 843 esse
610 783 714 842 uerba.
758 793 820 843 ru.
844 785 911 845 Vae
925 784 1040 844 misero
1055 785 1154 863 mna

146 880 279 956 Propter
294 899 396 939 meum
411 878 506 957 capit
520 879 641 940 labores
656 879 775 939 homini
791 880 933 941 euenisse
948 883 1085 959 optumo

146 984 208 1034 ml.
240 958 289 1035 Ᾰῖ
304 977 343 1036 ob
357 995 426 1035 eam
437 995 501 1035 rem
513 975 591 1035 mssri
606 975 746 1036 libellam
762 979 817 1054 pro
832 995 868 1036 eo
879 978 1002 1053 argenti
1014 979 1053 1038 ne
1066 979 1154 1054 duis3

147 1073 267 1132 Gratiis
282 1092 301 1131 a
315 1091 372 1146 me,
388 1072 423 1133 rit
438 1073 480 1132 sit
495 1072 583 1145 liber,
599 1071 714 1132 dicito.
757 1083 820 1132 ΡΗ.
850 1074 981 1152 Edepol,
997 1075 1112 1151 Hegio,

147 1170 236 1229 Facis
258 1170 399 1244 benigne.
443 1169 498 1229 sed
523 1187 639 1246 quaeso
660 1168 818 1229 hominem
839 1176 876 1229 ut
896 1168 1005 1231 ir'rbeas
1027 1170 1153 1232 arcessi.

226 1275 289 1324 ΗΕ.
319 1266 417 1325 Licet.

148 1362 272 1441 (collino
283 1372 312 1421 to
326 1365 422 1422 clover
438 1365 642 1442 inmeliorare)
655 1347 718 1423 Vbi
731 1382 789 1423 uos
805 1363 906 1424 estis?
942 1362 986 1423 ite
1000 1370 1153 1440 actutum,

227 1459 409 1540 Tyndarum
424 1459 484 1519 huc
499 1460 655 1519 arcassite.
1110 1476 1156 1521 950

147 1556 190 1635 (to
206 1559 428 1631 Philopolemus
447 1560 509 1615 aad
525 1558 722 1636 Philocrates)
744 1557 808 1616 Vos
827 1557 871 1616 ite
891 1556 992 1632 intr03
1018 1557 1153 1619 interibi

77 1662 82 1673 ·
227 1672 283 1728 ego
305 1653 462 1731 (polatiay
481 1662 510 1712 to
529 1653 718 1734 Stoloqraos)
739 1672 778 1711 ex
798 1653 857 1712 hac
878 1654 983 1713 stitua
1001 1655 1155 1714 uerberea

225 1750 297 1808 uolo

145 1829 319 1920 Erogitara
335 1847 403 1905 meo
418 1846 537 1905 minore
552 1845 629 1924 quid
644 1847 687 1906 sit
700 1847 819 1906 factum
835 1845 914 1906 issio.

145 1943 209 2003 Vos
224 1943 328 2002 lauate
343 1943 479 2003 interibi.
530 1952 685 2002 PHILOP.
716 1944 850 2020 Sequere
865 1944 932 2018 hac,
944 1941 1151 2020 PhssocrateS‚

226 2058 275 2098 me
290 2039 381 2100 intro.
437 2049 500 2097 ΡΗ.
532 2041 658 2117 Sequor.
703 2040 837 2118 (liceant
851 2042 1075 2133 Pbilopolemac
1088 2045 1153 2101 aad

225 2139 411 2196 Philocrates
433 2140 494 2195 into
516 2139 561 2195 ibe
582 2138 696 2217 house.)

183 2314 234 2360 943.
253 2311 355 2360 Nolim:
372 2313 390 2360 I
397 2313 481 2360 would
491 2320 534 2360 aot
545 2314 625 2370 acirim
641 2327 726 2361 aeeon
737 2311 884 2372 tta-quod
894 2334 916 2352 =
925 2313 1064 2372 proptcrid
1073 2315 1149 2372 qaod.

144 2383 196 2428 946.
217 2392 306 2427 meum
322 2384 417 2438 caput:
439 2383 534 2429 almost
548 2383 620 2440 equa]
636 2387 663 2428 to
678 2380 891 2429 rna—labores:
913 2383 1152 2440 catenam-eue-

144 2447 229 2495 nisse:
247 2450 294 2494 ini.
307 2451 332 2494 in
346 2463 378 2495 an
392 2451 571 2497 exclamation.
614 2452 665 2496 947.
684 2448 820 2496 libellam:
840 2464 856 2495 o
866 2449 1077 2506 formino-ne
1088 2448 1151 2496 duis

149 2518 224 2575 (dec):
241 2532 257 2564 a
268 2518 432 2576 prohibition.
475 2520 526 2564 948.
545 2515 658 2564 Gratiis:
675 2531 717 2564 see
727 2531 760 2563 on
772 2519 821 2563 106.
863 2518 914 2563 949.
932 2514 1148 2576 Facisbenigne:

144 2585 197 2631 like
219 2586 278 2630 bene
296 2586 369 2642 focis
389 2586 415 2630 in
436 2587 487 2642 843.
498 2611 527 2618 -
539 2583 687 2631 hominem:
709 2586 853 2644 Tyndarus.
865 2611 893 2617 —
905 2582 990 2630 Licet:
1013 2585 1148 2642 certainly.

145 2654 195 2698 951.
217 2654 311 2698 statua
326 2651 469 2699 uerberea:
489 2653 694 2710 obseptio-post.
739 2655 790 2699 952.
812 2650 877 2710 quid
892 2650 929 2698 ait
944 2650 1060 2698 tactum:
1079 2652 1149 2698 wbot

145 2721 192 2766 bos
203 2721 264 2766 been
275 2722 338 2766 done
350 2721 411 2766 with
423 2735 465 2779 my
477 2733 593 2778 younycr
603 2721 668 2766 soa?
