2594 4012
148 236 190 302 22
588 255 709 304 rmum
989 256 1033 319 [11.
1043 261 1152 307 aaa
1185 327 1186 333 ἵ

146 423 228 483 nam
239 425 292 499 pol
306 424 345 482 ad
360 423 547 501 sapientiam
561 425 654 485 huius
669 425 785 485 nimius
800 427 934 502 nugator
947 427 1021 487 fuit.
1107 443 1152 488 275

147 505 190 580 Vt
203 520 305 580 facete
319 521 491 580 orationem
506 523 545 581 ad
560 523 745 582 seruitutem
760 523 912 583 contulit!

146 627 209 676 ΗΕ.
239 619 305 688 Quo
343 618 381 677 de
415 638 528 694 genere
568 620 676 680 natust
708 620 775 679 illic
812 619 1035 681 Philocrates?
1084 632 1148 682 ΡΗ.

225 713 419 793 Polyphisio‚

146 812 235 882 Quod
250 831 347 887 genus
361 812 441 873 illist
456 811 552 871 imum
567 813 691 890 pollens
705 814 799 891 atque
814 813 1109 875 honoratissumum.

146 918 209 967 ml.
238 909 320 979 Quid
341 910 429 986 ipsus
450 910 527 969 hic?
550 929 611 986 quo
629 910 776 971 honorest
790 910 883 970 illic?
926 921 989 970 PH.
1021 910 1150 972 Srimmo

227 1012 319 1082 atque
335 1007 373 1065 ab
389 1005 517 1066 summis
532 1007 618 1066 uiris.
712 1001 714 1004 ’

146 1112 209 1161 ΗΕ.
249 1104 328 1161 Tum
353 1102 458 1179 igitur,
483 1103 512 1162 ei
537 1122 630 1180 quom
654 1103 688 1162 in
712 1088 807 1164 Aleis
832 1109 922 1164 tanta
946 1104 1088 1181 gratiast,
1113 1110 1150 1165 ut

226 1201 395 1277 praedicas,
1106 1216 1150 1260 280

147 1296 228 1368 Quid
257 1297 413 1356 diuitiae?
449 1296 561 1358 suntne
590 1297 739 1375 opimae?
783 1281 846 1355 l’n.
876 1298 967 1357 Vnde
995 1298 1149 1376 excoquat

227 1392 333 1454 sebum
360 1412 463 1453 senex.

146 1500 208 1548 HE.
239 1490 320 1561 Quid
340 1494 454 1567 pater?
476 1490 624 1550 uiuitns?
662 1501 725 1549 PH.
750 1490 872 1564 Viuom,
889 1510 982 1568 quom
997 1490 1071 1550 inde
1086 1492 1149 1552 abi-

226 1607 295 1646 mus
310 1586 476 1664 liquimus3

146 1683 238 1743 Nunc
252 1685 381 1743 uiuatne
396 1685 501 1759 necne,
517 1685 550 1743 id
565 1683 679 1744 Orcum
694 1683 773 1744 scire
787 1690 910 1762 oportet
924 1683 1052 1745 scilicet.

146 1791 208 1840 Ἦ.
240 1782 351 1861 (asido)
382 1781 476 1841 Salus
502 1801 550 1841 res
576 1789 640 1857 est3
671 1781 912 1861 philosophatur
931 1782 1054 1860 quoque
1073 1781 1146 1857 iam,

226 1898 288 1937 non
309 1879 444 1938 mendax
466 1879 595 1938 modost.

146 1984 208 2033 ΗΕ.
246 1975 327 2045 Quid
352 1981 419 2034 erat
447 1977 475 2035 ei
503 1977 642 2035 nomon?
676 1985 739 2034 PE.
770 1974 1148 2056 Thensaurochrysonico

226 2072 396 2153 chrysides.
1104 2087 1148 2131 285

146 2179 208 2229 HE.
238 2169 394 2229 Videlicet
416 2170 543 2247 propter
566 2169 695 2229 diuitias
719 2167 856 2229 inditum
880 2169 915 2228 id
938 2169 1051 2228 nomen
1075 2188 1148 2246 qua

227 2267 311 2326 sist?

145 2373 208 2421 ΡΗ.
238 2347 339 2423 lmmo
360 2363 470 2441 edepol
492 2364 618 2441 propter
640 2362 806 2423 auaritiam
827 2362 927 2440 ipsius
945 2368 1039 2440 atque
1056 2362 1147 2423 auda

225 2479 313 2520 cram.

147 2557 257 2637 (ariole)
287 2559 369 2616 Nam
391 2556 445 2616 ille
467 2557 592 2635 quidem
621 2556 893 2617 Theodoromedes
914 2555 978 2615 fuit
1000 2573 1146 2632 germano

226 2654 358 2713 nomine.

183 2839 233 2884 275.
255 2835 302 2882 ad:
325 2837 481 2894 (compared)
497 2835 667 2883 to—huius:
688 2835 998 2884 Philocrates-nimius
1015 2839 1145 2896 nugator:

146 2905 185 2950 the
197 2907 287 2951 veriam
299 2906 387 2961 tritior.
428 2907 478 2951 278.
495 2904 529 2951 vt
539 2904 640 2952 laceto:
657 2906 712 2951 how
723 2906 804 2962 aptly.
844 2907 895 2951 278.
914 2903 997 2950 illisi:
1014 2918 1055 2952 see
1066 2919 1098 2951 on
1108 2907 1146 2950 94.

144 2983 274 3018 -unum:
292 2973 433 3018 intensifies
444 2975 486 3018 the
498 2975 653 3030 superlative
664 2974 730 3028 idea,
740 2974 822 3019 which
833 2973 932 3032 applies
942 2974 996 3020 also
1005 2978 1031 3019 to
1040 2973 1145 3030 pollens.

145 3043 195 3087 279.
217 3039 264 3086 ab:
281 3042 362 3098 from.
406 3043 457 3086 281.
474 3040 548 3087 Vnde
563 3043 708 3099 excoquat;
730 3055 745 3087 a
759 3042 845 3087 clause
859 3043 887 3088 ol
901 3042 1028 3088 result.—
1039 3039 1145 3087 sebum:

144 3109 238 3164 tollore,
250 3123 265 3155 a
276 3109 337 3167 play
350 3122 413 3166 upon
426 3111 533 3166 optume,
545 3109 623 3154 taken
635 3111 660 3154 in
672 3111 705 3155 its
718 3110 804 3156 literal
817 3123 890 3156 sense
903 3110 930 3155 of
940 3111 994 3166 fat.
1038 3110 1089 3154 282.
1105 3106 1147 3154 vi-

144 3187 219 3223 uom:
236 3174 494 3222 reiciunt-abimus:
512 3177 644 3222 historical
655 3191 732 3235 pres.;
749 3191 790 3223 see
801 3191 833 3223 on
844 3179 881 3222 24.
919 3175 1147 3223 2882110212Ἦο-

145 3242 451 3302 chrysonicoohrysides:
479 3244 517 3289 lit.
534 3244 1145 3302 pold-llict-surpassec-treasumes-ofpoldron.

144 3315 194 3358 288.
207 3311 298 3371 quasi:
313 3312 329 3357 Ι
335 3325 467 3369 presumo·
481 3317 587 3357 connect
594 3313 657 3358 with
665 3314 892 3370 properaremus.
926 3314 976 3359 287.
990 3310 1144 3358 audaciam:

105 3425 106 3428 ,
145 3381 210 3426 from
222 3382 325 3435 auidus,
337 3381 420 3436 proed.
457 3381 507 3425 288.
524 3379 689 3427 Philocrates'
701 3381 811 3428 lather’s
821 3381 875 3428 real
885 3394 960 3428 name
971 3394 1024 3429 was
1034 3381 1145 3428 Theodo-

145 3449 268 3496 romedcs.
