2594 4012
154 120 201 168 nr.
212 123 236 167 5.
247 115 345 179 caru]
595 113 729 164 carrivr
1123 128 1165 164 a„

155 299 222 348 ΤΥ.
249 288 329 367 (The
341 290 450 347 lorort’i
463 290 540 364 drop
558 288 718 362 Tyndarus
738 291 784 363 off
805 288 852 345 tlte
873 289 978 366 stupe.)
1018 287 1074 345 Vis
1089 285 1165 344 haec

239 386 368 462 quidem
385 384 529 458 herclest,
544 384 576 442 et
589 383 673 442 trahi
687 390 719 442 et
733 383 819 442 trudi
833 382 936 442 sinrul.
1122 397 1165 441 750

157 493 221 541 HE
255 482 369 561 (acide)
405 480 477 540 Illic
505 481 554 540 est
581 480 735 540 abductus
762 481 847 540 recta
871 480 904 538 in
927 479 1104 558 plrylacarn,
1130 486 1164 538 ut

239 578 355 654 dignus
370 584 426 638 est.

158 679 227 753 Ego
241 675 307 736 illis
322 674 457 753 captiuis
471 674 544 735 eliis
559 672 778 734 documentum
794 675 882 749 (labo,

159 774 209 832 Ne
224 773 287 832 tale
303 773 468 849 quisquam
483 771 607 831 facinus
623 771 760 848 incipere
775 770 896 830 audeat.

159 870 248 940 Quod
262 870 380 945 tbsque
394 868 452 928 hoo
466 874 559 943 esset,
575 867 630 944 qui
645 868 723 926 milri
737 867 795 927 hoc
810 868 886 928 fecit
901 868 1015 945 palam,

159 968 267 1043 Vsque
281 966 468 1025 effrenatum
483 964 550 1025 suis
564 983 613 1023 me
629 964 794 1024 ductarent
812 964 900 1024 dolis.
1120 980 1162 1025 tas

159 1065 253 1122 Nunc
266 1063 420 1122 certumst
433 1061 515 1120 nulli
530 1061 659 1138 posthac
674 1061 840 1139 quicquam
859 1063 1000 1136 credere3

162 1160 245 1219 Satis
260 1156 328 1219 siun
344 1158 440 1218 semel
455 1158 612 1235 deceptus.
648 1157 774 1235 speraui
788 1159 883 1218 miser

160 1258 208 1315 Ex
224 1255 377 1316 seruitute
391 1273 441 1314 rne
455 1255 608 1315 exemisse
622 1254 744 1328 filiu1n3

160 1354 207 1412 Ea
221 1353 294 1430 spes
308 1353 455 1429 elapsast.
491 1351 616 1429 perdidi
631 1371 728 1410 unuin
743 1352 857 1426 filium,

160 1447 295 1508 Puerum
311 1449 509 1525 quadrimum
524 1449 616 1525 quem
631 1448 709 1506 mihi
725 1468 830 1508 seruos
845 1447 976 1525 surpuit,
1119 1463 1162 1507 760

159 1546 271 1623 Neque
285 1543 356 1604 eum
371 1563 495 1606 seruom
509 1563 656 1621 umquam
677 1545 799 1621 repperi
815 1565 915 1621 neque
930 1545 1033 1603 filiurn
1046 1569 1053 1618 3

159 1643 261 1702 Maior
275 1642 395 1719 potitus
409 1642 588 1702 hostiumst.
631 1642 714 1718 quod
732 1642 789 1700 hoc
806 1643 853 1701 est
869 1641 970 1701 scelus
984 1646 999 1699 ἱ)

159 1739 255 1810 Quasi
268 1738 303 1796 in
317 1738 483 1799 orbitatem
498 1737 612 1797 liberos
630 1737 838 1814 produxerim.

161 1836 203 1914 (to
225 1835 466 1916 Artstoptontes)
496 1834 631 1911 Sequere
656 1834 731 1909 lrassc3
756 1835 901 1893 reducam
926 1842 957 1893 tc
982 1834 1034 1894 ribi
1057 1836 1157 1895 fuisti.

239 1931 374 1991 neminis

160 2029 310 2088 Miserere
324 2034 486 2102 certumst,
501 2027 576 2105 quia
589 2028 650 2088 mei
667 2029 795 2087 miseret
810 2029 973 2088 nerninem.
1117 2042 1161 2087 765

159 2134 225 2183 AR.
257 2124 370 2202 (sudlp)
399 2123 611 2202 Exauspicaui
626 2144 664 2184 ex
679 2125 811 2198 uinclis3
834 2145 915 2183 nunc
931 2126 1080 2199 intellego

159 2219 455 2298 Redar'rspicandum
476 2240 544 2281 esse
565 2221 598 2280 in
613 2229 738 2281 catenas
760 2223 867 2281 denuc.
908 2222 1041 2300 (Euenit
1063 2224 1161 2296 Hepio

239 2321 302 2376 aad
315 2319 543 2394 Aristophontes
557 2327 586 2376 to
600 2321 647 2377 tlte
661 2320 763 2399 riplct.)

197 2492 249 2537 750.
265 2489 311 2537 vi·
324 2489 403 2538 haec:
422 2505 438 2538 a
450 2505 496 2549 cry
507 2492 547 2537 for
557 2492 623 2550 help.
669 2493 719 2537 751.
741 2489 814 2538 Illic:
833 2492 1106 2550 Tyndarus-rocta:
1126 2506 1160 2539 sc.

158 2560 204 2605 uio
213 2571 223 2614 ,¹
240 2559 360 2617 stratone.
403 2561 454 2606 754.
473 2558 563 2612 Quod.
578 2594 583 2605 .
597 2595 601 2604 .
614 2561 699 2605 esset:
718 2560 757 2604 lit.
770 2561 815 2605 but
826 2573 890 2606 were
903 2562 923 2605 it
937 2566 1013 2617 ‹rport
1023 2563 1096 2617 froin
1112 2561 1162 2606 this

158 2639 238 2678 man:
253 2626 344 2685 treely,
356 2627 400 2673 bnt
410 2640 474 2673 were
486 2629 506 2673 it
520 2633 563 2673 not
573 2628 621 2683 sor
631 2629 682 2673 this
696 2641 766 2673 neon.
798 2628 853 2673 Hoc
867 2629 947 2674 refers
959 2633 986 2672 to
998 2629 1162 2686 Aristophon-

158 2699 207 2749 tes,
218 2694 240 2741 is
254 2695 280 2740 iu
294 2695 345 2741 abl.
357 2695 485 2753 governed
500 2696 534 2754 by
547 2696 650 2753 (ubsque,
664 2709 679 2741 a
692 2696 833 2753 conrpound
848 2697 876 2741 ot
890 2698 932 2741 the
947 2697 1100 2754 proposition
1117 2697 1162 2742 abs

158 2762 209 2808 and
225 2763 268 2808 the
283 2763 458 2821 generalizing
473 2763 579 2821 particle
592 2776 667 2822 -que,·
688 2768 752 2808 esset
767 2765 789 2809 is
804 2764 966 2821 impersonal.
1008 2766 1059 2810 755.
1074 2762 1162 2822 Vsque

159 2828 338 2877 alstemum:
353 2830 452 2878 bridled
460 2830 496 2876 alt
505 2831 545 2876 the
554 2833 629 2888 time;
643 2833 752 2877 another
761 2837 825 2877 term
835 2833 876 2876 tor
884 2832 1011 2890 cheating.
1039 2833 1090 2878 7150.
1105 2842 1163 2877 sur-

159 2895 233 2956 puit:
248 2910 290 2944 see
297 2912 330 2945 on
338 2901 361 2944 8.
395 2900 446 2944 762.
461 2897 578 2956 potitus:
596 2897 863 2946 cesenat-scelus:
879 2901 993 2956 imptetp.
1030 2901 1079 2946 tot.
1096 2898 1163 2946 Rad-

159 2962 367 3022 auspicandum:
386 2967 475 3013 coined
491 2968 557 3012 trom
571 2969 748 3024 eeauspicuut.
779 2968 831 3013 Tlre
844 2981 917 3013 sense
930 2968 964 3013 is:
983 2967 1104 3025 ‘Coming
1117 2974 1162 3014 out

159 3033 188 3079 of
197 3033 294 3090 chaino,
305 3035 318 3080 1
328 3035 391 3081 took
401 3034 445 3081 the
455 3036 571 3094 auspices
584 3036 612 3080 ot
624 3049 668 3093 my
679 3036 786 3094 liberty3
803 3049 859 3080 now
871 3035 882 3079 l
894 3048 935 3081 see
947 3035 958 3079 I
971 3040 1039 3080 must-
1051 3049 1083 3093 go
1096 3036 1162 3081 back

159 3100 216 3147 into
225 3101 303 3159 thern,
312 3101 364 3148 and
372 3102 433 3149 take
442 3103 485 3150 the
494 3103 610 3161 auspices
618 3103 645 3149 ol
653 3103 756 3162 slavery
764 3101 996 3162 egatus-denuo:
1012 3103 1161 3160 pleonastio.
