2594 4012
153 222 184 268 11.
196 223 218 269 1.
229 218 311 280 nso]
585 219 719 268 osprrvr

152 387 257 447 Fiunt.
313 396 376 445 ΡΗ.
404 388 498 446 Nunc
512 385 548 444 rit
562 385 640 444 mihi
654 387 687 445 te
701 385 773 445 uolo
787 403 855 446 esse
870 383 1004 446 airtumo.

152 485 239 557 Quod
255 484 313 544 tibi
329 483 453 556 suadeo,
469 483 616 542 suedeam
631 484 699 542 meo
713 482 805 560 patri.

152 582 210 641 Pol
225 600 282 657 ego
297 581 323 641 si
339 588 369 640 te
384 579 515 640 arideam
530 578 633 638 merim
648 585 767 657 patrem
784 579 959 640 nominem:

152 680 232 739 Nom
249 677 417 739 secundnm
433 683 563 754 patrem,
578 675 640 736 tri's
655 683 744 754 pater
758 677 935 754 proxumus.

152 785 216 836 Ἡ.
245 774 356 835 nicio.
399 784 462 832 ΡΗ.
491 775 534 833 Et
548 774 713 852 propterea
724 772 849 852 saepiris
860 777 913 833 ted
924 779 959 833 ut
970 774 1150 837 memineris

231 890 359 932 moneo:
1107 888 1151 932 240

151 969 224 1028 Non
239 988 296 1045 ego
310 987 381 1029 erus
395 967 464 1044 tibi,
481 967 536 1028 sed
552 986 659 1028 seruos
674 965 751 1027 siim.
793 986 876 1028 nuno
895 968 1022 1028 obsecro
1041 975 1072 1028 te
1092 969 1150 1030 hoc

231 1086 342 1126 unum:

151 1163 303 1233 Quoniam
318 1162 408 1223 nobis
423 1161 456 1221 di
470 1161 652 1221 inmortales
670 1161 809 1221 {inimum
828 1160 1032 1223 ostenderint
1052 1182 1149 1238 suom,

151 1241 195 1320 Vt
208 1261 262 1336 qui
274 1277 358 1318 erum
371 1277 420 1318 me
435 1257 493 1318 tibi
504 1259 604 1318 fuisse
619 1266 712 1335 atque
727 1260 795 1318 esse
809 1278 891 1319 nunc
906 1262 1027 1319 semrom
1039 1261 1148 1335 uelint,

150 1357 249 1427 Quom
264 1356 397 1416 antehac
411 1374 467 1433 pro
481 1354 549 1414 iure
563 1354 780 1432 imperitabam
796 1358 873 1431 meo,
888 1374 971 1416 nunc
985 1362 1017 1416 te
1031 1376 1084 1416 oro
1095 1358 1150 1436 per

231 1471 363 1530 precem,

151 1549 212 1608 Per
233 1549 390 1609 fortunam
417 1548 569 1608 incertam
591 1555 624 1608 et
646 1567 703 1626 per
726 1549 788 1608 mei
816 1555 848 1608 te
876 1549 950 1626 erga
977 1550 1149 1611 bonitatem

231 1646 330 1723 patris
1106 1662 1150 1707 215

149 1742 272 1820 Perque
287 1740 451 1803 seruitiim
465 1761 636 1818 commune,
652 1743 736 1820 quod
750 1743 873 1803 hostica
887 1743 994 1803 euenit
1007 1763 1111 1820 manu,

149 1839 200 1898 Ne'
215 1857 264 1898 me
279 1858 367 1900 secus
381 1839 497 1898 honore
513 1839 659 1899 honestes
674 1841 767 1916 quem
788 1858 881 1917 quom
903 1840 1041 1900 seruibsis
1061 1841 1148 1916 mihi,

150 1919 256 2012 sitque
277 1942 313 1995 ut
333 1935 387 2013 qui
408 1935 507 1996 fueris
528 1942 561 1995 et
582 1937 635 2014 qui
657 1955 740 1996 nuno
762 1935 805 1997 sis
826 1938 1006 1998 meminisse
1031 1943 1067 1996 ut
1087 1939 1149 1998 me'-

230 2032 365 2092 mineris.

149 2136 213 2186 w.
237 2127 307 2189 Soio
318 2128 441 2206 quidem
454 2147 504 2188 me
515 2135 546 2188 te
558 2129 624 2190 esse
636 2148 718 2189 nunc
729 2136 761 2189 et
772 2135 803 2189 te
815 2131 883 2190 esse
894 2150 951 2189 me.
993 2140 1056 2188 ΡΗ.
1079 2132 1148 2207 Em,

230 2225 310 2285 istuc
324 2224 352 2285 si
366 2231 454 2303 potes

149 2321 331 2381 Memoriter
345 2321 532 2398 meminisse,
549 2322 631 2382 inest
642 2341 712 2400 spes
728 2322 816 2382 nobis
831 2323 864 2381 in
878 2323 937 2383 hac
952 2323 1075 2383 astitia.
1105 2339 1149 2384 250

187 2526 239 2572 236.
258 2527 310 2572 ut.
326 2559 331 2571 .
347 2523 442 2572 .u010:
463 2538 496 2572 sn
510 2527 649 2573 indicative
663 2527 689 2572 in
704 2540 736 2573 an
752 2528 860 2574 indirect
875 2529 1000 2586 question,
1014 2541 1042 2574 as
1056 2529 1082 2574 in
1097 2531 1148 2584 toi,

148 2593 203 2640 how
217 2593 235 2639 I
246 2599 324 2641 want.
363 2594 474 2640 nst-238.
491 2593 628 2650 suadeam,
642 2593 788 2641 nominem:
808 2597 825 2641 I
836 2597 920 2642 would
934 2598 1027 2651 adosse,
1038 2597 1053 2642 1
1066 2599 1150 2643 would

147 2661 213 2718 call‚·
229 2661 609 2717 formcodmeeonoeceattos.
643 2665 694 2708 238.
711 2662 837 2710 audeam:
855 2665 881 2709 in
892 2665 926 2710 its
936 2665 1066 2722 primitive
1076 2677 1149 2712 sense

147 2729 216 2784 here,
227 2749 250 2767 =
260 2729 348 2775 uelim.
384 2730 436 2775 240.
453 2726 512 2776 ted:
530 2731 573 2777 the
584 2731 635 2776 abi.
647 2731 712 2789 sing.
723 2731 861 2790 originally
872 2733 952 2779 ended
963 2733 990 2777 in
1001 2734 1026 2787 d,
1035 2733 1116 2778 which
1127 2734 1149 2780 is

146 2798 293 2844 sometimes
300 2797 414 2844 retained
422 2797 449 2842 in
458 2797 564 2844 Plautus
573 2799 598 2843 in
607 2800 650 2845 the
659 2800 776 2856 persone-l
785 2813 913 2857 pronouns
922 2815 927 2855 ;
941 2801 1048 2846 because
1057 2802 1084 2847 oi
1091 2815 1150 2847 con-

147 2864 232 2912 fusion
243 2866 271 2912 oi
282 2866 370 2920 forms,
382 2866 403 2911 it
413 2866 436 2911 is
446 2866 616 2924 occasionally
627 2867 706 2913 found
717 2868 743 2912 in
755 2869 799 2914 the
811 2880 873 2923 aco,
885 2882 914 2914 as
928 2869 995 2913 here.
1032 2870 1083 2914 241.
1099 2866 1149 2914 hoe

146 2933 331 2980 unum:'looks
340 2933 453 2979 iorward
462 2935 548 2979 to247.
579 2936 630 2979 242,
645 2933 778 2980 animum:
792 2935 852 2980 will.
883 2937 934 2980 ⁴243.
945 2934 980 2982 Vt
993 2969 997 2980 .
1012 2970 1017 2980 .
1031 2969 1036 2981 .
1048 2934 1147 2983 uelint:

146 3001 173 3046 in
189 3001 332 3059 apposition
346 3002 409 3047 with
425 3000 655 3060 animum-qui:
677 3016 709 3047 an
726 3003 768 3048 old
784 3004 958 3049 asseverative
974 3004 1080 3061 particle
1095 3018 1149 3049 snr-

147 3069 236 3127 viving
248 3070 274 3115 in
287 3070 330 3116 the
342 3069 486 3128 compound
499 3068 722 3127 atqui—ruisse:
740 3084 754 3115 a
767 3072 865 3128 perfect
878 3072 905 3116 oi
916 3065 985 3117 wliat
998 3072 1044 3117 has
1058 3073 1147 3118 ceased

146 3142 175 3182 to
183 3138 222 3189 be,
232 3142 256 3182 to
265 3137 293 3182 be
301 3142 471 3194 courmoster
479 3150 512 3182 no
520 3138 614 3192 tonqer.
651 3139 702 3183 244.
719 3147 779 3183 oro:
797 3144 898 3196 repeats
908 3140 1007 3185 obsecro
1019 3140 1084 3185 from
1095 3141 1146 3184 211.

146 3205 197 3248 246.
211 3202 328 3251 hostica:
343 3205 438 3252 hostili.
472 3207 522 3251 248.
535 3207 575 3262 ut,
583 3207 626 3253 ut:
641 3206 800 3267 acolioquial
810 3207 952 3267 repetition.
987 3208 1037 3253 250.
1052 3205 1149 3256 Memo-

146 3269 227 3322 riiot:
245 3272 308 3322 well.
