2594 4012
120 270 153 318 11.
164 272 188 317 2.
198 264 283 331 tem]
557 261 691 317 cmlvi
1086 246 1127 315 25

41 461 44 466 ·
119 447 184 497 mi.
218 419 303 516 [Ego
316 435 436 496 uirtute
458 432 550 494 deum
565 433 598 495 et
611 433 764 493 maiorum
785 433 927 492 nostrum
946 433 1035 495 diues
1057 432 1125 496 siun

202 533 304 614 satie]

118 632 193 692 Non
221 649 279 706 ego
306 627 435 689 omnino
462 628 584 688 luorum
609 645 700 686 omne
725 644 793 686 esse
818 625 896 686 utile
924 627 1045 687 homini
1075 647 1125 687 ex-

200 727 326 788 istumo.
1082 739 1126 783 325

121 823 193 885 Soio
207 842 272 899 ego,
288 822 404 882 multos
419 821 483 881 iem
496 821 617 881 luorum
631 819 805 880 lutulentos
820 820 963 880 homines
975 821 1121 882 reddidit.

119 905 290 981 Estetiem
312 918 367 979 ubi
391 919 534 997 proiecto
557 917 706 977 damnum
733 917 872 994 praestet
899 918 1002 977 faeere
1030 919 1123 996 quem

199 1017 329 1076 luorum.

120 1100 182 1174 Odi
196 1132 254 1190 ego
268 1132 376 1173 aurum
388 1134 395 1187 3
410 1110 513 1171 miilte
526 1111 634 1171 multis
649 1111 741 1188 saepe
757 1111 857 1171 suasit
871 1112 1042 1188 perperam.

116 1209 212 1272 Nimo
236 1210 295 1270 hoe
318 1209 458 1269 animum
480 1208 620 1282 aduerte,
644 1214 680 1267 ut
702 1226 740 1267 ee
767 1226 846 1285 quae
875 1208 977 1269 se‘ntio
1005 1209 1124 1287 pariter

200 1325 291 1368 seme.

116 1405 222 1464 Fssius
237 1422 324 1464 meus
338 1402 405 1462 illie
420 1402 505 1479 apud
518 1421 575 1462 uos
590 1400 688 1461 seruit
701 1407 811 1479 captus
826 1382 938 1476 lilium
1080 1417 1124 1462 330

116 1499 200 1560 Eum
216 1500 244 1561 si
258 1501 364 1560 reddis
379 1499 467 1575 mihi,
482 1505 644 1577 praeterea
658 1497 753 1557 tinum
770 1518 930 1558 nummum
946 1500 985 1557 ne
1001 1499 1081 1575 duis,

115 1582 161 1658 Et
175 1605 208 1658 te
223 1603 255 1657 et
270 1596 353 1657 hune
367 1595 511 1657 amittam
526 1596 618 1670 hino;
634 1595 697 1656 alio
712 1596 803 1673 poeto
818 1597 903 1656 abire
918 1597 980 1655 non
995 1603 1092 1673 potes.

116 1704 180 1755 ΤΥ.
212 1681 384 1772 Optumum
413 1699 508 1771 etque
541 1691 774 1770 aequissumum
810 1711 879 1752 ores
913 1694 1123 1771 optumusque

196 1791 360 1850 hominum
376 1790 408 1849 es
422 1790 523 1849 homo.

103 1930 106 1936 ·
122 1888 180 1947 sed
194 1889 223 1948 is
237 1887 395 1964 priuatam
411 1887 595 1946 seruitutem
611 1886 710 1946 seruit
724 1885 773 1944 illi
789 1904 828 1945 an
843 1885 1028 1963 publicam?

118 1993 180 2042 mi.
210 1983 374 2043 Priuatam
395 1982 509 2042 medici
536 1982 706 2042 Menarchi.
762 1992 825 2041 ΡΗ.
855 1984 913 2042 Pol
939 1984 965 2043 is
994 1984 1120 2060 quidem

196 2079 292 2139 huius
321 2079 480 2157 (pointiuq
494 2088 523 2139 to
538 2081 712 2158 Tyndarus)
742 2079 791 2139 est
804 2078 929 2154 oluens;
1079 2094 1122 2139 335

115 2177 194 2237 Tem
210 2175 269 2235 hoe
285 2175 412 2253 quidem
425 2175 485 2235 tibi
499 2174 532 2234 in
547 2175 681 2253 procliui
696 2194 790 2252 quem
806 2175 904 2235 imber
926 2182 974 2237 est
995 2178 1121 2254 quando

196 2272 289 2350 pluit.

113 2379 179 2428 mi.
210 2370 273 2429 Fon
287 2368 472 2430 ishomout
486 2368 666 2428 redimitur.
710 2377 773 2427 ΤΥ.
803 2369 947 2444 Faciem3
971 2371 1025 2430 sed
1039 2376 1071 2429 te
1086 2371 1119 2429 id

197 2485 260 2541 oro,
275 2466 379 2540 Hegio
408 2466 526 2543 (calcino
540 2467 603 2524 him
617 2468 724 2545 ende).

113 2572 180 2622 mi
210 2561 352 2636 Quiduis,
365 2561 439 2621 dum
454 2563 493 2622 eb
512 2579 545 2620 re
564 2561 681 2639 nequid
697 2581 774 2636 oreo,
792 2563 915 2622 ioniam.
966 2573 1029 2622 ΤΥ.
1059 2564 1121 2623 Au-

198 2657 307 2733 sculta,
321 2656 389 2718 tim
405 2658 492 2718 soieS.

114 2739 185 2832 Ego
199 2773 249 2814 me
263 2754 377 2830 amitti,
392 2755 539 2814 donicum
554 2755 608 2815 ille
622 2755 683 2814 hue
699 2756 836 2831 redierit,
852 2776 915 2815 non
930 2757 1071 2833 postu103

153 2913 205 2959 324.
223 2909 341 2959 uirtute:
359 2911 491 2968 kinelmo.
529 2913 579 2959 326.
598 2910 762 2959 lutulentos:
780 2913 836 2959 vile.
872 2914 923 2959 327.
942 2913 1008 2960 Bet.
1023 2914 1119 2961 ..ubiz

34 3004 38 3009 ·
114 2981 268 3026 sometimes.
281 3005 311 3013 -
325 2982 460 3037 praestet:
485 2980 569 3039 subiv.
591 2981 618 3027 of
640 2981 841 3027 characteristic.
889 2982 940 3026 329.
961 2979 1023 3027 hoe:
1049 2984 1121 3041 eurly

114 3049 192 3096 Latin
209 3049 251 3095 ior
264 3048 322 3094 hue.
366 3049 418 3093 330.
440 3045 529 3094 Alide:
551 3049 602 3095 abl.
616 3049 725 3094 without
740 3049 769 3094 in
784 3049 845 3106 only
860 3049 928 3095 here.
972 3051 1023 3095 hil.
1045 3048 1118 3097 duis:

114 3117 167 3174 dee,
176 3116 283 3163 without
293 3118 472 3174 youryim'ny:
489 3116 701 3174 aparenthetioal
713 3117 877 3174 prohibition.
911 3117 962 3162 332.
979 3115 1118 3165 emittam:

114 3198 158 3232 eee
172 3197 205 3230 on
221 3184 259 3229 36.
302 3184 353 3229 333.
375 3193 437 3231 om
451 3204 473 3222 =
487 3185 560 3241 dicis,
574 3197 603 3231 as
618 3185 690 3231 often
706 3185 733 3230 in
748 3184 820 3243 early
833 3185 922 3241 Latin;
941 3186 975 3231 oi.
990 3192 1121 3231 orator.-

113 3250 254 3299 hominum
264 3250 356 3298 homo:
373 3253 515 3310 aireqnent
523 3253 675 3299 collocation
686 3253 713 3297 in
724 3252 840 3299 Plautus.
876 3253 928 3297 334.
945 3251 1119 3300 seruitutem:

114 3333 188 3379 cogn.
203 3332 256 3366 aee.
297 3321 348 3366 336.
367 3318 430 3366 hoe:
449 3321 490 3366 i.e.
504 3321 548 3367 the
563 3327 651 3368 return
667 3321 694 3367 oi
708 3334 773 3378 your
787 3319 949 3366 som-Tem
962 3354 967 3365 .
981 3354 986 3365 .
1000 3319 1046 3366 .in
1060 3331 1121 3378 pro-

114 3385 194 3434 cliui:
216 3399 246 3433 ae
260 3399 331 3445 eaey.
378 3389 430 3436 337.
450 3385 475 3434 is
492 3385 584 3434 homo:
606 3388 803 3445 Philopolemus.
849 3388 900 3433 338.
922 3386 957 3434 ab
971 3399 1014 3434 re:
1036 3394 1061 3434 to
1077 3402 1119 3446 my

114 3456 311 3518 disadvantaqe.
348 3455 400 3503 339.
416 3453 552 3503 donicum:
570 3453 760 3503 donee-ille:
778 3456 975 3516 Philopolemus.
