2594 4012
143 204 304 264 Pronnsn]
578 203 711 249 sisinn
1127 188 1145 252 7

142 372 288 433 -Illim
310 373 485 450 eaptiu0m3
515 356 598 430 hnne
622 370 780 448 (pointiny
804 378 834 430 to
861 371 1035 452 Tyndarus)
1058 369 1146 432 siiom

224 490 291 530 esse
307 470 406 529 nescit
420 469 475 545 qui
490 469 654 528 domist—

143 571 186 628 Et
201 567 348 646 queniam
362 567 430 625 heri
446 565 625 625 indaudiuit
639 565 678 624 de
693 566 813 624 summ6
828 563 896 624 loeo
1118 579 1147 626 30

144 666 332 740 summeque
348 682 458 738 genere
473 664 598 739 ceptum
614 680 681 722 esse
696 661 834 738 equitem
849 643 977 737 sileam,

143 763 201 821 Nil
216 761 316 839 pretio
331 759 439 838 parsit,
454 759 524 817 filio
539 759 613 817 dnm
628 759 777 836 parceret.

145 857 359 917 Resinciliare
373 863 409 916 ut
422 856 548 915 finilius
563 856 669 932 posset
683 854 818 929 domum,

144 954 231 1014 Emit
245 955 283 1013 de
298 953 415 1030 praeda
428 953 520 1011 hosee
535 952 642 1011 embos
657 969 676 1011 a
689 952 913 1029 quaesteribus.

145 1051 242 1111 Hisce
257 1048 362 1110 antem
377 1049 459 1108 inter
474 1066 541 1108 sese
556 1047 639 1108 hiine
653 1047 871 1109 confinxerint
885 1050 1000 1125 dolum,
1117 1063 1147 1109 35

143 1148 211 1218 Quo
226 1148 317 1224 pecto
332 1146 382 1205 hie
397 1163 503 1205 seruos
519 1143 605 1205 siiom
621 1164 708 1204 erum
724 1146 797 1211 hine
811 1147 938 1206 amittit
952 1146 1088 1206 domum.

144 1244 257 1320 Itaque
272 1242 401 1302 intense
416 1239 599 1302 conniitant
613 1248 733 1301 nestein
748 1249 779 1302 et
793 1244 936 1302 nemina:

144 1339 217 1399 Illis
247 1339 405 1417 (pointing)
436 1347 466 1398 to
500 1341 673 1419 Tyndains)
703 1345 832 1398 uocatur
863 1339 1068 1415 Phssocrates,
1094 1339 1146 1399 hic

227 1436 384 1514 (pointiny
397 1444 427 1495 to
442 1437 640 1514 Philocrates)
657 1434 841 1515 Tyndarum

145 1533 250 1592 Huius
265 1532 329 1607 iile,
344 1532 395 1591 his
411 1532 497 1592 illius
512 1532 606 1591 hidie
620 1533 684 1591 fert
697 1532 874 1608 innigineni.

145 1630 188 1688 Et
202 1630 253 1690 hie
266 1629 359 1688 hbdie
374 1629 520 1706 expediet
534 1628 616 1688 hine
631 1629 721 1688 docte
736 1629 895 1688 fellssism
1117 1645 1147 1690 40

145 1727 187 1785 Et
202 1725 290 1786 siiom
304 1745 391 1786 erum
407 1726 503 1785 faciet
518 1725 674 1785 libertatis
689 1727 868 1803 einpstem:

145 1823 325 1899 Eodemque
340 1829 431 1899 pasto
445 1823 576 1882 irenem
591 1821 730 1882 seruabit
745 1841 830 1881 suom

145 1919 366 1996 Reducemqne
381 1919 477 1978 faciet
491 1917 623 1978 liberum
639 1918 672 1976 in
687 1919 819 1996 patriam
836 1919 876 1978 sd
891 1926 1011 1996 patrem

145 2015 333 2094 Iupnidens,
350 2015 459 2075 itidem
475 2021 510 2074 ut
525 2015 616 2092 sse‘pe
631 2015 693 2074 iani
708 2015 741 2073 in
756 2015 864 2075 multis
880 2015 957 2077 loeis

144 2112 222 2172 Pius
237 2112 373 2172 insciens
388 2111 459 2189 quis
474 2111 551 2171 feeit
566 2131 658 2189 qnam
675 2111 811 2190 prudens
826 2112 907 2172 boni.

146 2209 208 2268 Sed
222 2209 391 2269 inscientes
406 2209 463 2269 sui
477 2208 538 2269 sibi
553 2208 681 2269 fallieia

145 2305 198 2366 Ita
211 2308 420 2384 ebnpararunt
434 2306 466 2366 et
480 2303 698 2364 confinxerint
712 2304 829 2380 dolum,

146 2401 274 2481 [Itaque
288 2402 323 2461 hi
336 2402 494 2462 conmenti
509 2401 547 2460 de
562 2420 619 2462 sua
634 2401 814 2482 sententis]

145 2498 241 2558 Vtin
261 2499 412 2559 seruitute
432 2499 484 2558 hie
499 2498 656 2578 (pointiny
674 2508 703 2558 to
727 2500 901 2580 Tyndarus)
919 2500 959 2559 sd
978 2519 1067 2559 suom
1086 2520 1147 2560 mn

226 2597 298 2655 neit
312 2602 442 2673 patrem.

145 2693 197 2752 Ita
210 2691 292 2752 mine
306 2693 453 2768 ignorans
469 2693 524 2752 sui
539 2692 600 2753 sibi
615 2691 713 2752 seruit
728 2692 819 2768 patri.
1117 2707 1147 2751 50

145 2788 337 2848 Homiincnli
348 2788 460 2866 quanti
471 2795 552 2863 sunt,
563 2807 657 2866 quom
669 2788 822 2864 resigitoi
857 2788 994 2868 [Enennt
1005 2792 1144 2873 captiui]

182 2988 219 3034 29.
235 2986 347 3035 domist:
362 2989 483 3034 demissi.
516 2987 553 3032 30.
568 2985 735 3033 indaudiuit:
750 2989 899 3044 inaudinit;
913 3002 946 3035 an
955 2989 996 3036 old
1006 2991 1072 3036 form
1081 2992 1109 3037 oi
1116 2993 1146 3038 in

143 3057 276 3103 wasindn.
303 3057 339 3101 33.
350 3054 732 3112 Reconciliere=recuperare;
745 3057 972 3114 seeArgnment,4.
1001 3059 1037 3104 35.
1051 3057 1144 3105 Hisce:

143 3124 179 3170 hi.
217 3126 254 3170 36.
272 3122 383 3170 amittat
393 3144 415 3161 =
426 3126 550 3178 dimittat,
562 3136 591 3169 as
604 3124 675 3169 often
688 3123 714 3168 in
727 3124 799 3181 early
809 3124 898 3181 Latin3
914 3126 948 3170 ci.
962 3126 1110 3184 Argument,
1122 3128 1144 3172 7.

144 3192 180 3237 38.
196 3190 270 3238 mic:
287 3205 328 3237 see
339 3206 371 3237 on
384 3194 418 3237 11.
455 3193 492 3237 40.
509 3189 646 3249 expediet:
663 3191 717 3237 will
729 3191 799 3238 work
811 3190 994 3239 ont—docte:
1011 3195 1143 3252 sbrewdly.

143 3261 180 3304 44.
196 3270 287 3317 saepo,
297 3258 326 3305 in
335 3257 430 3306 multis
440 3258 520 3306 loeis:
538 3273 553 3305 a
564 3259 700 3317 colloquial
711 3259 757 3304 but
767 3260 857 3306 classic
867 3260 1006 3317 pleonasm.
1041 3264 1078 3308 46.
1095 3273 1146 3309 sua

143 3325 208 3374 sibi:
225 3341 267 3374 see
278 3341 310 3374 on
321 3329 343 3373 5.
379 3330 415 3374 49.
433 3326 467 3375 ad
477 3347 499 3365 =
509 3329 586 3385 antid.
620 3330 657 3372 51.
673 3324 782 3385 quanti:
800 3342 856 3386 gen.
868 3329 895 3373 of
906 3329 989 3384 velue,
998 3329 1053 3375 bow
1065 3330 1144 3388 insin·

143 3397 260 3455 niteant,
271 3408 288 3443 a
297 3396 417 3455 meaning
427 3396 557 3455 eonveyed
567 3396 634 3442 from
646 3395 689 3441 the
699 3395 852 3442 diminutive
862 3396 1019 3443 hornunwli.
