<?xml version="1.0" encoding="UTF-8"?>
<!DOCTYPE html PUBLIC "-//W3C//DTD XHTML 1.0 Transitional//EN"
    "http://www.w3.org/TR/xhtml1/DTD/xhtml1-transitional.dtd">
<html xmlns="http://www.w3.org/1999/xhtml" xml:lang="en" lang="en">
 <head>
  <title>
</title>
<meta http-equiv="Content-Type" content="text/html;charset=utf-8" />
  <meta name='ocr-system' content='tesseract 3.04.00' />
  <meta name='ocr-capabilities' content='ocr_page ocr_carea ocr_par ocr_line ocrx_word'/>
</head>
<body>
  <div class='ocr_page' id='page_1' title='image "./captiviplautus00plaugoog_0051.png"; bbox 0 0 2594 4012; ppageno 0'>
   <div class='ocr_carea' id='block_1_1' title="bbox 164 133 1166 195">
    <p class='ocr_par' dir='ltr' id='par_1_1' title="bbox 164 133 1166 195">
     <span class='ocr_line' id='line_1_1' title="bbox 164 133 1166 195; baseline 0.002 -15"><span class='ocrx_word' id='word_1_1' title='bbox 164 139 206 180; x_wconf 82' lang='lat' dir='ltr'><strong>oo</strong></span> <span class='ocrx_word' id='word_1_2' title='bbox 603 135 726 182; x_wconf 75' lang='grc'>1111111</span> <span class='ocrx_word' id='word_1_3' title='bbox 974 133 1029 195; x_wconf 89' lang='lat'>[111.</span> <span class='ocrx_word' id='word_1_4' title='bbox 1042 137 1166 183; x_wconf 72' lang='lat' dir='ltr'><strong>nasas</strong></span> 
     </span>
    </p>
   </div>
   <div class='ocr_carea' id='block_1_2' title="bbox 161 300 1165 1153">
    <p class='ocr_par' dir='ltr' id='par_1_2' title="bbox 161 300 1165 863">
     <span class='ocr_line' id='line_1_2' title="bbox 163 300 1150 378; baseline 0.004 -20"><span class='ocrx_word' id='word_1_5' title='bbox 163 300 262 377; x_wconf 77' lang='lat' dir='ltr'><strong>Pergo</strong></span> <span class='ocrx_word' id='word_1_6' title='bbox 276 301 317 361; x_wconf 86' lang='lat' dir='ltr'><strong>ad</strong></span> <span class='ocrx_word' id='word_1_7' title='bbox 331 300 417 375; x_wconf 85' lang='lat' dir='ltr'><strong>alios,</strong></span> <span class='ocrx_word' id='word_1_8' title='bbox 433 301 526 360; x_wconf 76' lang='lat' dir='ltr'><strong>uenio</strong></span> <span class='ocrx_word' id='word_1_9' title='bbox 541 303 581 361; x_wconf 89' lang='lat' dir='ltr'><strong>ad</strong></span> <span class='ocrx_word' id='word_1_10' title='bbox 596 301 684 375; x_wconf 85' lang='lat' dir='ltr'><strong>alios,</strong></span> <span class='ocrx_word' id='word_1_11' title='bbox 700 301 812 362; x_wconf 83' lang='lat' dir='ltr'><strong>deinde</strong></span> <span class='ocrx_word' id='word_1_12' title='bbox 827 303 865 362; x_wconf 89' lang='lat' dir='ltr'><strong>ad</strong></span> <span class='ocrx_word' id='word_1_13' title='bbox 882 303 978 378; x_wconf 89' lang='lat' dir='ltr'><strong>alios;</strong></span> <span class='ocrx_word' id='word_1_14' title='bbox 1000 302 1064 363; x_wconf 78' lang='lat' dir='ltr'><strong>{rna</strong></span> <span class='ocrx_word' id='word_1_15' title='bbox 1077 310 1150 364; x_wconf 88' lang='lat' dir='ltr'><strong>rest.</strong></span> 
     </span>
     <span class='ocr_line' id='line_1_3' title="bbox 163 378 1126 475; baseline 0 -17"><span class='ocrx_word' id='word_1_16' title='bbox 163 378 278 458; x_wconf 75' lang='lat' dir='ltr'><strong>Omnes</strong></span> <span class='ocrx_word' id='word_1_17' title='bbox 292 402 328 457; x_wconf 84' lang='lat' dir='ltr'><strong>de</strong></span> <span class='ocrx_word' id='word_1_18' title='bbox 343 398 492 475; x_wconf 77' lang='lat' dir='ltr'><strong>conpecto</strong></span> <span class='ocrx_word' id='word_1_19' title='bbox 506 417 572 456; x_wconf 90' lang='lat' dir='ltr'><strong>rem</strong></span> <span class='ocrx_word' id='word_1_20' title='bbox 587 405 693 473; x_wconf 85' lang='lat' dir='ltr'><strong>agunt,</strong></span> <span class='ocrx_word' id='word_1_21' title='bbox 708 399 799 475; x_wconf 79' lang='lat' dir='ltr'><strong>quasi</strong></span> <span class='ocrx_word' id='word_1_22' title='bbox 810 399 844 458; x_wconf 89' lang='lat' dir='ltr'><strong>in</strong></span> <span class='ocrx_word' id='word_1_23' title='bbox 858 399 994 460; x_wconf 87' lang='lat' dir='ltr'><strong>Velabro</strong></span> <span class='ocrx_word' id='word_1_24' title='bbox 1008 399 1126 459; x_wconf 79' lang='lat' dir='ltr'><strong>olearii.</strong></span> 
     </span>
     <span class='ocr_line' id='line_1_4' title="bbox 162 479 1165 572; baseline -0.001 -15"><span class='ocrx_word' id='word_1_25' title='bbox 162 479 245 557; x_wconf 65' lang='lat' dir='ltr'><strong>item</strong></span> <span class='ocrx_word' id='word_1_26' title='bbox 259 495 313 554; x_wconf 89' lang='lat' dir='ltr'><strong>alii</strong></span> <span class='ocrx_word' id='word_1_27' title='bbox 328 494 460 572; x_wconf 78' lang='lat' dir='ltr'><strong>parasiti</strong></span> <span class='ocrx_word' id='word_1_28' title='bbox 475 495 595 554; x_wconf 86' lang='lat' dir='ltr'><strong>frustra</strong></span> <span class='ocrx_word' id='word_1_29' title='bbox 609 496 850 555; x_wconf 77' lang='lat' dir='ltr'><strong>obambulabant</strong></span> <span class='ocrx_word' id='word_1_30' title='bbox 864 495 897 554; x_wconf 88' lang='lat' dir='ltr'><strong>in</strong></span> <span class='ocrx_word' id='word_1_31' title='bbox 911 496 988 555; x_wconf 86' lang='lat' dir='ltr'><strong>foro.</strong></span> <span class='ocrx_word' id='word_1_32' title='bbox 1121 511 1165 556; x_wconf 86' lang='lat'><strong>490</strong></span> 
     </span>
     <span class='ocr_line' id='line_1_5' title="bbox 161 591 1065 668; baseline 0 -16"><span class='ocrx_word' id='word_1_33' title='bbox 161 592 254 653; x_wconf 81' lang='lat' dir='ltr'><strong>Nr&#39;rnc</strong></span> <span class='ocrx_word' id='word_1_34' title='bbox 269 592 360 650; x_wconf 89' lang='lat' dir='ltr'><strong>redeo</strong></span> <span class='ocrx_word' id='word_1_35' title='bbox 375 592 457 665; x_wconf 88' lang='lat' dir='ltr'><strong>inde,</strong></span> <span class='ocrx_word' id='word_1_36' title='bbox 473 592 620 668; x_wconf 79' lang='lat' dir='ltr'><strong>quonlam</strong></span> <span class='ocrx_word' id='word_1_37' title='bbox 635 609 684 650; x_wconf 86' lang='lat' dir='ltr'><strong>mo</strong></span> <span class='ocrx_word' id='word_1_38' title='bbox 699 592 744 650; x_wconf 88' lang='lat' dir='ltr'><strong>ibi</strong></span> <span class='ocrx_word' id='word_1_39' title='bbox 759 591 851 651; x_wconf 88' lang='lat' dir='ltr'><strong>uideo</strong></span> <span class='ocrx_word' id='word_1_40' title='bbox 865 592 1065 652; x_wconf 77' lang='lat' dir='ltr'><strong>ludificarier.</strong></span> 
     </span>
     <span class='ocr_line' id='line_1_6' title="bbox 162 687 1131 766; baseline -0.001 -17"><span class='ocrx_word' id='word_1_41' title='bbox 162 689 254 749; x_wconf 84' lang='lat' dir='ltr'><strong>Nr&#39;rno</strong></span> <span class='ocrx_word' id='word_1_42' title='bbox 269 689 428 748; x_wconf 87' lang='lat' dir='ltr'><strong>barbarica</strong></span> <span class='ocrx_word' id='word_1_43' title='bbox 443 687 511 763; x_wconf 75' lang='lat' dir='ltr'><strong>ldge</strong></span> <span class='ocrx_word' id='word_1_44' title='bbox 525 695 676 748; x_wconf 76' lang='lat' dir='ltr'><strong>certumst</strong></span> <span class='ocrx_word' id='word_1_45' title='bbox 690 687 739 748; x_wconf 79' lang='lat' dir='ltr'><strong>iris</strong></span> <span class='ocrx_word' id='word_1_46' title='bbox 754 708 855 747; x_wconf 90' lang='lat' dir='ltr'><strong>meum</strong></span> <span class='ocrx_word' id='word_1_47' title='bbox 872 708 962 748; x_wconf 90' lang='lat' dir='ltr'><strong>omno</strong></span> <span class='ocrx_word' id='word_1_48' title='bbox 977 690 1131 766; x_wconf 71' lang='lat' dir='ltr'><strong>porscqui.</strong></span> 
     </span>
     <span class='ocr_line' id='line_1_7' title="bbox 162 784 1113 863; baseline 0 -18"><span class='ocrx_word' id='word_1_49' title='bbox 162 786 223 857; x_wconf 82' lang='lat' dir='ltr'><strong>Qui</strong></span> <span class='ocrx_word' id='word_1_50' title='bbox 236 784 401 845; x_wconf 86' lang='lat' dir='ltr'><strong>consilium</strong></span> <span class='ocrx_word' id='word_1_51' title='bbox 417 785 524 857; x_wconf 77' lang='lat' dir='ltr'><strong>iniere,</strong></span> <span class='ocrx_word' id='word_1_52' title='bbox 541 804 602 861; x_wconf 91' lang='lat' dir='ltr'><strong>quo</strong></span> <span class='ocrx_word' id='word_1_53' title='bbox 616 804 673 845; x_wconf 89' lang='lat' dir='ltr'><strong>nos</strong></span> <span class='ocrx_word' id='word_1_54' title='bbox 687 785 774 844; x_wconf 88' lang='lat' dir='ltr'><strong>uictu</strong></span> <span class='ocrx_word' id='word_1_55' title='bbox 789 792 820 845; x_wconf 92' lang='lat' dir='ltr'><strong>et</strong></span> <span class='ocrx_word' id='word_1_56' title='bbox 834 786 902 845; x_wconf 87' lang='lat' dir='ltr'><strong>uita</strong></span> <span class='ocrx_word' id='word_1_57' title='bbox 916 786 1113 863; x_wconf 81' lang='lat' dir='ltr'><strong>prohibeant,</strong></span> 
     </span>
    </p>

    <p class='ocr_par' dir='ltr' id='par_1_3' title="bbox 162 868 1165 1153">
     <span class='ocr_line' id='line_1_8' title="bbox 162 868 1111 957; baseline -0.001 -14"><span class='ocrx_word' id='word_1_58' title='bbox 162 868 196 943; x_wconf 70' lang='lat' dir='ltr'><strong>ss</strong></span> <span class='ocrx_word' id='word_1_59' title='bbox 211 883 294 942; x_wconf 89' lang='lat' dir='ltr'><strong>diem</strong></span> <span class='ocrx_word' id='word_1_60' title='bbox 309 882 420 955; x_wconf 88' lang='lat' dir='ltr'><strong>dicam,</strong></span> <span class='ocrx_word' id='word_1_61' title='bbox 436 881 583 957; x_wconf 85' lang='lat' dir='ltr'><strong>inrogabo</strong></span> <span class='ocrx_word' id='word_1_62' title='bbox 598 881 739 956; x_wconf 65' lang='lat' dir='ltr'><strong>nahtam,</strong></span> <span class='ocrx_word' id='word_1_63' title='bbox 754 889 790 941; x_wconf 90' lang='lat' dir='ltr'><strong>ut</strong></span> <span class='ocrx_word' id='word_1_64' title='bbox 804 882 882 941; x_wconf 91' lang='lat' dir='ltr'><strong>mihi</strong></span> <span class='ocrx_word' id='word_1_65' title='bbox 897 883 989 942; x_wconf 79' lang='lat' dir='ltr'><strong>cenas</strong></span> <span class='ocrx_word' id='word_1_66' title='bbox 1004 883 1111 942; x_wconf 87' lang='lat' dir='ltr'><strong>decern</strong></span> 
     </span>
     <span class='ocr_line' id='line_1_9' title="bbox 163 979 1165 1055; baseline 0.001 -17"><span class='ocrx_word' id='word_1_67' title='bbox 163 980 235 1039; x_wconf 92' lang='lat' dir='ltr'><strong>Meo</strong></span> <span class='ocrx_word' id='word_1_68' title='bbox 246 979 401 1038; x_wconf 77' lang='lat' dir='ltr'><strong>arbitratu</strong></span> <span class='ocrx_word' id='word_1_69' title='bbox 412 979 497 1052; x_wconf 75' lang='lat' dir='ltr'><strong>dent,</strong></span> <span class='ocrx_word' id='word_1_70' title='bbox 509 997 604 1055; x_wconf 86' lang='lat' dir='ltr'><strong>quom</strong></span> <span class='ocrx_word' id='word_1_71' title='bbox 615 997 686 1038; x_wconf 85' lang='lat' dir='ltr'><strong>cara</strong></span> <span class='ocrx_word' id='word_1_72' title='bbox 697 980 822 1039; x_wconf 82' lang='lat' dir='ltr'><strong>annona</strong></span> <span class='ocrx_word' id='word_1_73' title='bbox 833 980 882 1038; x_wconf 87' lang='lat' dir='ltr'><strong>sit.</strong></span> <span class='ocrx_word' id='word_1_74' title='bbox 920 979 963 1039; x_wconf 92' lang='lat' dir='ltr'><strong>sic</strong></span> <span class='ocrx_word' id='word_1_75' title='bbox 979 980 1078 1054; x_wconf 73' lang='lat' dir='ltr'><strong>egero.</strong></span> <span class='ocrx_word' id='word_1_76' title='bbox 1121 995 1165 1039; x_wconf 82' lang='lat'><strong>495</strong></span> 
     </span>
     <span class='ocr_line' id='line_1_10' title="bbox 162 1074 1164 1153; baseline 0.002 -18"><span class='ocrx_word' id='word_1_77' title='bbox 162 1074 254 1135; x_wconf 78' lang='lat' dir='ltr'><strong>Nimo</strong></span> <span class='ocrx_word' id='word_1_78' title='bbox 270 1076 321 1135; x_wconf 94' lang='lat' dir='ltr'><strong>ibo</strong></span> <span class='ocrx_word' id='word_1_79' title='bbox 335 1075 375 1134; x_wconf 87' lang='lat' dir='ltr'><strong>ad</strong></span> <span class='ocrx_word' id='word_1_80' title='bbox 389 1081 512 1153; x_wconf 89' lang='lat' dir='ltr'><strong>portum</strong></span> <span class='ocrx_word' id='word_1_81' title='bbox 528 1074 609 1134; x_wconf 88' lang='lat' dir='ltr'><strong>hino.</strong></span> <span class='ocrx_word' id='word_1_82' title='bbox 654 1081 701 1135; x_wconf 89' lang='lat' dir='ltr'><strong>est</strong></span> <span class='ocrx_word' id='word_1_83' title='bbox 715 1075 782 1134; x_wconf 92' lang='lat' dir='ltr'><strong>illic</strong></span> <span class='ocrx_word' id='word_1_84' title='bbox 792 1075 837 1134; x_wconf 91' lang='lat' dir='ltr'><strong>mi</strong></span> <span class='ocrx_word' id='word_1_85' title='bbox 848 1074 910 1135; x_wconf 84' lang='lat' dir='ltr'><strong>rina</strong></span> <span class='ocrx_word' id='word_1_86' title='bbox 924 1095 995 1153; x_wconf 85' lang='lat' dir='ltr'><strong>spes</strong></span> <span class='ocrx_word' id='word_1_87' title='bbox 1007 1074 1164 1152; x_wconf 80' lang='lat' dir='ltr'><strong>cenatica;</strong></span> 
     </span>
    </p>
   </div>
   <div class='ocr_carea' id='block_1_3' title="bbox 164 1171 1164 1350">
    <p class='ocr_par' dir='ltr' id='par_1_4' title="bbox 164 1171 1164 1350">
     <span class='ocr_line' id='line_1_11' title="bbox 164 1171 1163 1251; baseline -0.001 -19"><span class='ocrx_word' id='word_1_88' title='bbox 164 1173 196 1232; x_wconf 90' lang='lat' dir='ltr'><strong>Si</strong></span> <span class='ocrx_word' id='word_1_89' title='bbox 212 1173 249 1232; x_wconf 76' lang='lat' dir='ltr'><strong>ea</strong></span> <span class='ocrx_word' id='word_1_90' title='bbox 262 1172 426 1248; x_wconf 83' lang='lat' dir='ltr'><strong>decolabit,</strong></span> <span class='ocrx_word' id='word_1_91' title='bbox 442 1171 550 1231; x_wconf 85' lang='lat' dir='ltr'>redibo</span> <span class='ocrx_word' id='word_1_92' title='bbox 568 1172 629 1231; x_wconf 91' lang='lat' dir='ltr'><strong>huc</strong></span> <span class='ocrx_word' id='word_1_93' title='bbox 647 1173 808 1231; x_wconf 72' lang='lat' dir='ltr'><strong>sisenem</strong></span> <span class='ocrx_word' id='word_1_94' title='bbox 827 1173 867 1232; x_wconf 90' lang='lat' dir='ltr'><strong>ad</strong></span> <span class='ocrx_word' id='word_1_95' title='bbox 885 1191 990 1232; x_wconf 87' lang='lat' dir='ltr'><strong>cenam</strong></span> <span class='ocrx_word' id='word_1_96' title='bbox 1012 1173 1163 1251; x_wconf 79' lang='lat' dir='ltr'><strong>asperam.</strong></span> 
     </span>
     <span class='ocr_line' id='line_1_12' title="bbox 882 1268 1164 1350; baseline 0 -22"><span class='ocrx_word' id='word_1_97' title='bbox 882 1268 971 1347; x_wconf 75' lang='lat' dir='ltr'><strong>(an</strong></span> <span class='ocrx_word' id='word_1_98' title='bbox 985 1278 1013 1328; x_wconf 83' lang='lat' dir='ltr'><strong>to</strong></span> <span class='ocrx_word' id='word_1_99' title='bbox 1027 1271 1074 1328; x_wconf 75' lang='lat' dir='ltr'><strong>tlte</strong></span> <span class='ocrx_word' id='word_1_100' title='bbox 1088 1272 1164 1350; x_wconf 76' lang='lat' dir='ltr'><strong>lest.)</strong></span> 
     </span>
    </p>
   </div>
   <div class='ocr_carea' id='block_1_4' title="bbox 620 1476 705 1536">
    <p class='ocr_par' dir='ltr' id='par_1_5' title="bbox 620 1476 705 1536">
     <span class='ocr_line' id='line_1_13' title="bbox 620 1476 705 1536; baseline -0.024 0"><span class='ocrx_word' id='word_1_101' title='bbox 620 1476 668 1536; x_wconf 88' lang='lat' dir='ltr'><strong>Sc.</strong></span> <span class='ocrx_word' id='word_1_102' title='bbox 687 1477 705 1534; x_wconf 85' lang='lat'>2</span> 
     </span>
    </p>
   </div>
   <div class='ocr_carea' id='block_1_5' title="bbox 163 1645 1165 2027">
    <p class='ocr_par' dir='ltr' id='par_1_6' title="bbox 163 1645 1165 2027">
     <span class='ocr_line' id='line_1_14' title="bbox 163 1645 1164 1711; baseline -0.001 -14"><span class='ocrx_word' id='word_1_103' title='bbox 163 1648 247 1711; x_wconf 80' lang='lat' dir='ltr'>Hegio</span> <span class='ocrx_word' id='word_1_104' title='bbox 259 1652 365 1697; x_wconf 88' lang='lat' dir='ltr'><strong>returns</strong></span> <span class='ocrx_word' id='word_1_105' title='bbox 377 1645 568 1708; x_wconf 86' lang='lat' dir='ltr'><strong>accompanied</strong></span> <span class='ocrx_word' id='word_1_106' title='bbox 584 1646 621 1708; x_wconf 89' lang='lat' dir='ltr'><strong>by</strong></span> <span class='ocrx_word' id='word_1_107' title='bbox 633 1645 848 1708; x_wconf 81' lang='lat' dir='ltr'><strong>Aristophontes.</strong></span> <span class='ocrx_word' id='word_1_108' title='bbox 886 1646 927 1695; x_wconf 86' lang='lat' dir='ltr'><strong>He</strong></span> <span class='ocrx_word' id='word_1_109' title='bbox 944 1646 1056 1709; x_wconf 87' lang='lat' dir='ltr'><strong>rejoices</strong></span> <span class='ocrx_word' id='word_1_110' title='bbox 1072 1647 1101 1696; x_wconf 94' lang='lat' dir='ltr'><strong>in</strong></span> <span class='ocrx_word' id='word_1_111' title='bbox 1117 1648 1164 1696; x_wconf 89' lang='lat' dir='ltr'><strong>the</strong></span> 
     </span>
     <span class='ocr_line' id='line_1_15' title="bbox 202 1728 1165 1791; baseline -0.003 -10"><span class='ocrx_word' id='word_1_112' title='bbox 202 1744 308 1781; x_wconf 87' lang='lat' dir='ltr'><strong>success</strong></span> <span class='ocrx_word' id='word_1_113' title='bbox 319 1730 348 1780; x_wconf 79' lang='lat' dir='ltr'><strong>oi</strong></span> <span class='ocrx_word' id='word_1_114' title='bbox 359 1730 400 1778; x_wconf 93' lang='lat' dir='ltr'><strong>his</strong></span> <span class='ocrx_word' id='word_1_115' title='bbox 416 1729 480 1791; x_wconf 88' lang='lat' dir='ltr'><strong>plan</strong></span> <span class='ocrx_word' id='word_1_116' title='bbox 498 1734 526 1777; x_wconf 94' lang='lat' dir='ltr'><strong>to</strong></span> <span class='ocrx_word' id='word_1_117' title='bbox 544 1741 652 1777; x_wconf 82' lang='lat' dir='ltr'><strong>recover</strong></span> <span class='ocrx_word' id='word_1_118' title='bbox 663 1728 705 1777; x_wconf 89' lang='lat' dir='ltr'><strong>his</strong></span> <span class='ocrx_word' id='word_1_119' title='bbox 715 1742 773 1778; x_wconf 89' lang='lat' dir='ltr'><strong>son.</strong></span> <span class='ocrx_word' id='word_1_120' title='bbox 811 1728 851 1777; x_wconf 87' lang='lat' dir='ltr'><strong>He</strong></span> <span class='ocrx_word' id='word_1_121' title='bbox 863 1728 935 1790; x_wconf 84' lang='lat' dir='ltr'><strong>gives</strong></span> <span class='ocrx_word' id='word_1_122' title='bbox 952 1743 987 1778; x_wconf 85' lang='lat' dir='ltr'><strong>an</strong></span> <span class='ocrx_word' id='word_1_123' title='bbox 1005 1735 1119 1778; x_wconf 83' lang='lat' dir='ltr'><strong>account</strong></span> <span class='ocrx_word' id='word_1_124' title='bbox 1136 1729 1165 1778; x_wconf 83' lang='lat' dir='ltr'><strong>oi</strong></span> 
     </span>
     <span class='ocr_line' id='line_1_16' title="bbox 203 1809 1164 1875; baseline -0.002 -12"><span class='ocrx_word' id='word_1_125' title='bbox 203 1815 249 1863; x_wconf 91' lang='lat' dir='ltr'><strong>thc</strong></span> <span class='ocrx_word' id='word_1_126' title='bbox 266 1811 495 1874; x_wconf 88' lang='lat' dir='ltr'><strong>congratulations</strong></span> <span class='ocrx_word' id='word_1_127' title='bbox 512 1809 651 1860; x_wconf 88' lang='lat' dir='ltr'><strong>showered</strong></span> <span class='ocrx_word' id='word_1_128' title='bbox 667 1823 741 1872; x_wconf 93' lang='lat' dir='ltr'><strong>upon</strong></span> <span class='ocrx_word' id='word_1_129' title='bbox 760 1810 824 1870; x_wconf 87' lang='lat' dir='ltr'><strong>him,</strong></span> <span class='ocrx_word' id='word_1_130' title='bbox 845 1810 873 1860; x_wconf 87' lang='lat' dir='ltr'><strong>oi</strong></span> <span class='ocrx_word' id='word_1_131' title='bbox 893 1810 938 1860; x_wconf 87' lang='lat' dir='ltr'><strong>the</strong></span> <span class='ocrx_word' id='word_1_132' title='bbox 955 1810 1069 1875; x_wconf 81' lang='lat' dir='ltr'><strong>sending</strong></span> <span class='ocrx_word' id='word_1_133' title='bbox 1087 1825 1164 1875; x_wconf 84' lang='lat' dir='ltr'>away</span> 
     </span>
     <span class='ocr_line' id='line_1_17' title="bbox 204 1892 1164 1955; baseline -0.001 -11"><span class='ocrx_word' id='word_1_134' title='bbox 204 1895 232 1944; x_wconf 84' lang='lat' dir='ltr'><strong>oi</strong></span> <span class='ocrx_word' id='word_1_135' title='bbox 243 1895 408 1944; x_wconf 83' lang='lat' dir='ltr'><strong>Philocrates</strong></span> <span class='ocrx_word' id='word_1_136' title='bbox 420 1892 474 1942; x_wconf 90' lang='lat' dir='ltr'><strong>and</strong></span> <span class='ocrx_word' id='word_1_137' title='bbox 486 1893 532 1942; x_wconf 88' lang='lat' dir='ltr'><strong>the</strong></span> <span class='ocrx_word' id='word_1_138' title='bbox 543 1892 682 1954; x_wconf 86' lang='lat' dir='ltr'><strong>discovery</strong></span> <span class='ocrx_word' id='word_1_139' title='bbox 690 1892 719 1942; x_wconf 88' lang='lat' dir='ltr'><strong>oi</strong></span> <span class='ocrx_word' id='word_1_140' title='bbox 729 1893 943 1955; x_wconf 85' lang='lat' dir='ltr'><strong>Aristophontes.</strong></span> <span class='ocrx_word' id='word_1_141' title='bbox 981 1894 1038 1943; x_wconf 87' lang='lat' dir='ltr'><strong>The</strong></span> <span class='ocrx_word' id='word_1_142' title='bbox 1049 1907 1128 1943; x_wconf 82' lang='lat' dir='ltr'><strong>scene</strong></span> <span class='ocrx_word' id='word_1_143' title='bbox 1141 1894 1164 1943; x_wconf 87' lang='lat' dir='ltr'><strong>is</strong></span> 
     </span>
     <span class='ocr_line' id='line_1_18' title="bbox 203 1978 372 2027; baseline -0.012 0"><span class='ocrx_word' id='word_1_144' title='bbox 203 1978 372 2027; x_wconf 85' lang='lat' dir='ltr'><strong>acanticum.</strong></span> 
     </span>
    </p>
   </div>
   <div class='ocr_carea' id='block_1_6' title="bbox 164 2129 1164 2307">
    <p class='ocr_par' dir='ltr' id='par_1_7' title="bbox 164 2129 1164 2307">
     <span class='ocr_line' id='line_1_19' title="bbox 164 2129 1164 2212; baseline -0.002 -20"><span class='ocrx_word' id='word_1_145' title='bbox 164 2132 278 2212; x_wconf 82' lang='lat' dir='ltr'><strong>[Enter</strong></span> <span class='ocrx_word' id='word_1_146' title='bbox 291 2134 390 2209; x_wconf 70' lang='lat' dir='ltr'><strong>Hegio</strong></span> <span class='ocrx_word' id='word_1_147' title='bbox 397 2134 483 2207; x_wconf 75' lang='lat' dir='ltr'><strong>from</strong></span> <span class='ocrx_word' id='word_1_148' title='bbox 497 2132 544 2189; x_wconf 76' lang='lat' dir='ltr'><strong>tlte</strong></span> <span class='ocrx_word' id='word_1_149' title='bbox 558 2131 637 2208; x_wconf 73' lang='lat' dir='ltr'><strong>right</strong></span> <span class='ocrx_word' id='word_1_150' title='bbox 643 2131 785 2204; x_wconf 78' lang='lat' dir='ltr'><strong>followed</strong></span> <span class='ocrx_word' id='word_1_151' title='bbox 800 2131 837 2204; x_wconf 76' lang='lat' dir='ltr'><strong>hy</strong></span> <span class='ocrx_word' id='word_1_152' title='bbox 847 2129 1084 2205; x_wconf 80' lang='lat' dir='ltr'><strong>Aristophontes,</strong></span> <span class='ocrx_word' id='word_1_153' title='bbox 1099 2132 1164 2190; x_wconf 81' lang='lat' dir='ltr'><strong>todo</strong></span> 
     </span>
     <span class='ocr_line' id='line_1_20' title="bbox 390 2227 934 2307; baseline -0.006 -20"><span class='ocrx_word' id='word_1_154' title='bbox 390 2231 524 2287; x_wconf 72' lang='lat' dir='ltr'><strong>remotos</strong></span> <span class='ocrx_word' id='word_1_155' title='bbox 538 2230 624 2286; x_wconf 80' lang='lat' dir='ltr'><strong>silent</strong></span> <span class='ocrx_word' id='word_1_156' title='bbox 639 2229 751 2303; x_wconf 73' lang='grc'>(11111119</span> <span class='ocrx_word' id='word_1_157' title='bbox 765 2227 811 2284; x_wconf 83' lang='lat' dir='ltr'><strong>the</strong></span> <span class='ocrx_word' id='word_1_158' title='bbox 826 2227 934 2307; x_wconf 77' lang='lat' dir='ltr'><strong>scena]</strong></span> 
     </span>
    </p>
   </div>
   <div class='ocr_carea' id='block_1_7' title="bbox 595 2379 732 2526">
    <p class='ocr_par' dir='ltr' id='par_1_8' title="bbox 595 2379 732 2526">
     <span class='ocr_line' id='line_1_21' title="bbox 595 2379 732 2438; baseline 0.007 -1"><span class='ocrx_word' id='word_1_159' title='bbox 595 2379 732 2438; x_wconf 81' lang='lat' dir='ltr'><strong>Haoro</strong></span> 
     </span>
     <span class='ocr_line' id='line_1_22' title="bbox 610 2485 715 2526; baseline -0.01 0"><span class='ocrx_word' id='word_1_160' title='bbox 610 2485 715 2526; x_wconf 78' lang='lat' dir='ltr'><strong>sannx</strong></span> 
     </span>
    </p>
   </div>
   <div class='ocr_carea' id='block_1_8' title="bbox 162 2617 1193 2888">
    <p class='ocr_par' dir='ltr' id='par_1_9' title="bbox 162 2617 1193 2888">
     <span class='ocr_line' id='line_1_23' title="bbox 164 2617 1193 2705; baseline -0.006 -24"><span class='ocrx_word' id='word_1_161' title='bbox 164 2622 395 2700; x_wconf 69' lang='lat' dir='ltr'><strong>(soliloqnizlog)</strong></span> <span class='ocrx_word' id='word_1_162' title='bbox 426 2619 508 2689; x_wconf 77' lang='lat' dir='ltr'><strong>Quid</strong></span> <span class='ocrx_word' id='word_1_163' title='bbox 524 2624 572 2679; x_wconf 84' lang='lat' dir='ltr'><strong>est</strong></span> <span class='ocrx_word' id='word_1_164' title='bbox 587 2617 715 2677; x_wconf 78' lang='lat' dir='ltr'><strong>suauius</strong></span> <span class='ocrx_word' id='word_1_165' title='bbox 730 2618 916 2695; x_wconf 88' lang='lat' dir='ltr'><strong>quambene</strong></span> <span class='ocrx_word' id='word_1_166' title='bbox 932 2618 996 2676; x_wconf 76' lang='lat' dir='ltr'><strong>rem</strong></span> <span class='ocrx_word' id='word_1_167' title='bbox 1011 2635 1117 2694; x_wconf 85' lang='lat' dir='ltr'><strong>gerere</strong></span> <span class='ocrx_word' id='word_1_168' title='bbox 1189 2697 1193 2705; x_wconf 31' lang='grc' dir='ltr'>Ι</span> 
     </span>
     <span class='ocr_line' id='line_1_24' title="bbox 163 2714 843 2795; baseline -0.009 -17"><span class='ocrx_word' id='word_1_169' title='bbox 163 2720 250 2778; x_wconf 79' lang='lat' dir='ltr'><strong>Bono</strong></span> <span class='ocrx_word' id='word_1_170' title='bbox 265 2717 399 2795; x_wconf 80' lang='lat' dir='ltr'><strong>publico,</strong></span> <span class='ocrx_word' id='word_1_171' title='bbox 415 2716 496 2776; x_wconf 90' lang='lat' dir='ltr'><strong>sicut</strong></span> <span class='ocrx_word' id='word_1_172' title='bbox 510 2716 567 2790; x_wconf 77' lang='lat' dir='ltr'><strong>ogo</strong></span> <span class='ocrx_word' id='word_1_173' title='bbox 581 2714 644 2773; x_wconf 85' lang='lat' dir='ltr'><strong>feci</strong></span> <span class='ocrx_word' id='word_1_174' title='bbox 656 2714 734 2788; x_wconf 84' lang='lat' dir='ltr'><strong>heri,</strong></span> <span class='ocrx_word' id='word_1_175' title='bbox 750 2733 843 2790; x_wconf 90' lang='lat' dir='ltr'><strong>quom</strong></span> 
     </span>
     <span class='ocr_line' id='line_1_25' title="bbox 162 2810 1166 2888; baseline -0.005 -13"><span class='ocrx_word' id='word_1_176' title='bbox 162 2816 235 2875; x_wconf 89' lang='lat' dir='ltr'><strong>Emi</strong></span> <span class='ocrx_word' id='word_1_177' title='bbox 249 2815 342 2875; x_wconf 81' lang='lat' dir='ltr'><strong>hosce</strong></span> <span class='ocrx_word' id='word_1_178' title='bbox 355 2813 524 2873; x_wconf 84' lang='lat' dir='ltr'><strong>homines?</strong></span> <span class='ocrx_word' id='word_1_179' title='bbox 546 2811 600 2870; x_wconf 88' lang='lat' dir='ltr'><strong>ubi</strong></span> <span class='ocrx_word' id='word_1_180' title='bbox 616 2810 747 2888; x_wconf 85' lang='lat' dir='ltr'><strong>quisque</strong></span> <span class='ocrx_word' id='word_1_181' title='bbox 762 2811 881 2886; x_wconf 89' lang='lat' dir='ltr'><strong>uident,</strong></span> <span class='ocrx_word' id='word_1_182' title='bbox 1122 2825 1166 2870; x_wconf 82' lang='lat'><strong>500</strong></span> 
     </span>
    </p>
   </div>
   <div class='ocr_carea' id='block_1_9' title="bbox 163 2979 1167 3385">
    <p class='ocr_par' dir='ltr' id='par_1_10' title="bbox 163 2979 1167 3385">
     <span class='ocr_line' id='line_1_26' title="bbox 201 2979 1166 3040; baseline -0.006 -7"><span class='ocrx_word' id='word_1_183' title='bbox 201 2988 252 3033; x_wconf 84' lang='grc'>488.</span> <span class='ocrx_word' id='word_1_184' title='bbox 269 2987 339 3033; x_wconf 76' lang='lat' dir='ltr'><strong>rest:</strong></span> <span class='ocrx_word' id='word_1_185' title='bbox 357 2998 397 3030; x_wconf 80' lang='lat' dir='ltr'><strong>res</strong></span> <span class='ocrx_word' id='word_1_186' title='bbox 407 2990 451 3030; x_wconf 81' lang='lat' dir='ltr'><strong>est.</strong></span> <span class='ocrx_word' id='word_1_187' title='bbox 479 2980 539 3029; x_wconf 80' lang='grc'><strong>’489</strong></span> <span class='ocrx_word' id='word_1_188' title='bbox 550 2979 678 3028; x_wconf 79' lang='lat' dir='ltr'><strong>Velabro:</strong></span> <span class='ocrx_word' id='word_1_189' title='bbox 697 2981 831 3026; x_wconf 83' lang='lat' dir='ltr'><strong>Velabrum</strong></span> <span class='ocrx_word' id='word_1_190' title='bbox 840 2995 893 3027; x_wconf 86' lang='lat' dir='ltr'><strong>was</strong></span> <span class='ocrx_word' id='word_1_191' title='bbox 901 2995 916 3028; x_wconf 87' lang='lat' dir='ltr'><strong>a</strong></span> <span class='ocrx_word' id='word_1_192' title='bbox 924 2981 1054 3040; x_wconf 85' lang='lat' dir='ltr'><strong>provision</strong></span> <span class='ocrx_word' id='word_1_193' title='bbox 1063 2981 1166 3027; x_wconf 86' lang='lat' dir='ltr'><strong>markct</strong></span> 
     </span>
     <span class='ocr_line' id='line_1_27' title="bbox 163 3046 1164 3100; baseline -0.005 0"><span class='ocrx_word' id='word_1_194' title='bbox 163 3055 190 3100; x_wconf 93' lang='lat' dir='ltr'><strong>in</strong></span> <span class='ocrx_word' id='word_1_195' title='bbox 198 3050 430 3100; x_wconf 77' lang='lat' dir='ltr'><strong>Roma-olearii:</strong></span> <span class='ocrx_word' id='word_1_196' title='bbox 446 3051 584 3098; x_wconf 68' lang='lat' dir='ltr'><strong>oilsellcrr.</strong></span> <span class='ocrx_word' id='word_1_197' title='bbox 618 3052 668 3095; x_wconf 79' lang='grc'>492.</span> <span class='ocrx_word' id='word_1_198' title='bbox 681 3046 838 3095; x_wconf 81' lang='lat' dir='ltr'><strong>barbarica:</strong></span> <span class='ocrx_word' id='word_1_199' title='bbox 854 3049 1164 3095; x_wconf 73' lang='lat' dir='ltr'><strong>Romana-certumst:</strong></span> 
     </span>
     <span class='ocr_line' id='line_1_28' title="bbox 163 3114 1164 3175; baseline -0.007 -6"><span class='ocrx_word' id='word_1_200' title='bbox 163 3124 312 3169; x_wconf 79' lang='lat' dir='ltr'><strong>seeon215·.</strong></span> <span class='ocrx_word' id='word_1_201' title='bbox 340 3124 391 3167; x_wconf 80' lang='grc'>494.</span> <span class='ocrx_word' id='word_1_202' title='bbox 403 3119 443 3167; x_wconf 82' lang='lat' dir='ltr'><strong>Is:</strong></span> <span class='ocrx_word' id='word_1_203' title='bbox 455 3116 667 3167; x_wconf 78' lang='lat' dir='ltr'><strong>cic-multam:</strong></span> <span class='ocrx_word' id='word_1_204' title='bbox 680 3119 770 3174; x_wconf 68' lang='grc'>1111111,-</span> <span class='ocrx_word' id='word_1_205' title='bbox 782 3118 845 3175; x_wconf 90' lang='lat' dir='ltr'><strong>Eng.</strong></span> <span class='ocrx_word' id='word_1_206' title='bbox 855 3118 1036 3164; x_wconf 63' lang='lat' dir='ltr'><strong>‘maists-ut</strong></span> <span class='ocrx_word' id='word_1_207' title='bbox 1044 3151 1049 3162; x_wconf 94' lang='lat'>.</span> <span class='ocrx_word' id='word_1_208' title='bbox 1058 3151 1064 3162; x_wconf 87' lang='lat'><strong>.</strong></span> <span class='ocrx_word' id='word_1_209' title='bbox 1073 3151 1078 3162; x_wconf 94' lang='lat'><em>.</em></span> <span class='ocrx_word' id='word_1_210' title='bbox 1086 3114 1164 3163; x_wconf 79' lang='lat' dir='ltr'><strong>dent:</strong></span> 
     </span>
     <span class='ocr_line' id='line_1_29' title="bbox 163 3182 1166 3249; baseline -0.007 -12"><span class='ocrx_word' id='word_1_211' title='bbox 163 3192 190 3237; x_wconf 91' lang='lat' dir='ltr'><strong>in</strong></span> <span class='ocrx_word' id='word_1_212' title='bbox 206 3190 350 3249; x_wconf 84' lang='lat' dir='ltr'><strong>apposition</strong></span> <span class='ocrx_word' id='word_1_213' title='bbox 364 3190 427 3236; x_wconf 86' lang='lat' dir='ltr'><strong>with</strong></span> <span class='ocrx_word' id='word_1_214' title='bbox 442 3188 561 3234; x_wconf 80' lang='lat' dir='ltr'><strong>multam.</strong></span> <span class='ocrx_word' id='word_1_215' title='bbox 604 3187 655 3231; x_wconf 81' lang='grc'>494.</span> <span class='ocrx_word' id='word_1_216' title='bbox 674 3182 822 3231; x_wconf 73' lang='lat' dir='ltr'><strong>desolabit:</strong></span> <span class='ocrx_word' id='word_1_217' title='bbox 842 3185 909 3231; x_wconf 79' lang='lat' dir='ltr'><strong>shall</strong></span> <span class='ocrx_word' id='word_1_218' title='bbox 918 3186 980 3242; x_wconf 82' lang='lat' dir='ltr'><strong>foll.</strong></span> <span class='ocrx_word' id='word_1_219' title='bbox 1024 3186 1075 3230; x_wconf 88' lang='grc'>499.</span> <span class='ocrx_word' id='word_1_220' title='bbox 1095 3183 1166 3231; x_wconf 87' lang='lat' dir='ltr'><strong>Bono</strong></span> 
     </span>
     <span class='ocr_line' id='line_1_30' title="bbox 163 3250 1167 3318; baseline -0.007 -12"><span class='ocrx_word' id='word_1_221' title='bbox 163 3257 285 3318; x_wconf 83' lang='lat' dir='ltr'><strong>publico:</strong></span> <span class='ocrx_word' id='word_1_222' title='bbox 302 3259 353 3304; x_wconf 90' lang='lat' dir='ltr'><strong>abl.</strong></span> <span class='ocrx_word' id='word_1_223' title='bbox 365 3257 393 3303; x_wconf 85' lang='lat' dir='ltr'><strong>oi</strong></span> <span class='ocrx_word' id='word_1_224' title='bbox 403 3256 539 3302; x_wconf 85' lang='lat' dir='ltr'><strong>attendant</strong></span> <span class='ocrx_word' id='word_1_225' title='bbox 549 3255 743 3300; x_wconf 84' lang='lat' dir='ltr'><strong>circumstance.</strong></span> <span class='ocrx_word' id='word_1_226' title='bbox 779 3254 830 3298; x_wconf 82' lang='lat'>500.</span> <span class='ocrx_word' id='word_1_227' title='bbox 847 3250 960 3310; x_wconf 84' lang='lat' dir='ltr'><strong>quisquo</strong></span> <span class='ocrx_word' id='word_1_228' title='bbox 970 3250 1077 3300; x_wconf 78' lang='lat' dir='ltr'><strong>uident:</strong></span> <span class='ocrx_word' id='word_1_229' title='bbox 1094 3266 1167 3311; x_wconf 87' lang='lat' dir='ltr'><strong>syne-</strong></span> 
     </span>
     <span class='ocr_line' id='line_1_31' title="bbox 164 3321 615 3385; baseline -0.022 -10"><span class='ocrx_word' id='word_1_230' title='bbox 164 3329 208 3385; x_wconf 87' lang='lat' dir='ltr'><strong>sis,</strong></span> <span class='ocrx_word' id='word_1_231' title='bbox 219 3339 336 3374; x_wconf 92' lang='lat' dir='ltr'><strong>common</strong></span> <span class='ocrx_word' id='word_1_232' title='bbox 346 3326 373 3371; x_wconf 94' lang='lat' dir='ltr'><strong>in</strong></span> <span class='ocrx_word' id='word_1_233' title='bbox 384 3322 520 3382; x_wconf 85' lang='lat' dir='ltr'><strong>colloquial</strong></span> <span class='ocrx_word' id='word_1_234' title='bbox 531 3321 615 3368; x_wconf 90' lang='lat' dir='ltr'><strong>Latin.</strong></span> 
     </span>
    </p>
   </div>
   <div class='ocr_carea' id='block_1_10' title="bbox 0 0 1302 4012">
    <p class='ocr_par' dir='ltr' id='par_1_11' title="bbox 0 0 1302 4012">
     <span class='ocr_line' id='line_1_32' title="bbox 0 0 1302 4012; baseline 0 0"><span class='ocrx_word' id='word_1_235' title='bbox 0 0 1302 4012; x_wconf 95' lang='lat' dir='ltr'><strong> </strong></span> 
     </span>
    </p>
   </div>
  </div>
 </body>
</html>
